=LDR  00000cam a2200361Ia 4500
=001  99153728308903941
=008  000804t19531948nyu\\\\\\\\\\\001\0\eng\d
=035  \\$a(OCoLC)44721361
=040  \\$aNDD$beng$cNDD$dKLG$dOCLCF$dOCLCO$dOCLCQ$dOCLCO$dOCLCQ$dOCLCO
=050  14$aRG121$b.D38 1953
=100  1\$aDavis, Maxine.
=245  10$aWoman's medical problems /$cMaxine Davis.
=250  \\$aPocket book ed.
=260  \\$aNew York :$bPocket Books,$c1953, ©1948.
=300  \\$axiv, 178 pages ;$c16 cm
=336  \\$atext$btxt$2rdacontent
=337  \\$aunmediated$bn$2rdamedia
=338  \\$avolume$bnc$2rdacarrier
=500  \\$aIncludes index.
=500  \\$aAcquired as part of the Center for Women's History and Culture.$5NcD
=650  \0$aGynecology$vPopular works
=650  \0$aWomen$xDiseases.
=650  \0$aPregnancy
=650  \0$aWomen$xHealth and hygiene.
=650  \2$aGynecology
=650  \7$aGynecology$2fast$0(OCoLC)fst00949684
=650  \7$aPregnancy$2fast$0(OCoLC)fst01075102
=650  \7$aWomen$xDiseases$2fast$0(OCoLC)fst01176639
=650  \7$aWomen$xHealth and hygiene$2fast$0(OCoLC)fst01176758
=655  \2$aPopular Work
=655  \7$aPopular works.$2fast$0(OCoLC)fst01423846
=710  2\$aCenter for Women's History and Culture.$5NcD

