=LDR  00000cam a2200373Ia 4500
=001  99153751090603941
=008  920814s1985\\\\cc\cf\\\\b\\\\000\0dchi\d
=035  \\$a(OCoLC)26393869
=040  \\$aCLU$beng$cCLU$dOCL$dOCLCQ$dOCLCG$dOCLCQ$dOCLCO$dOCLCA$dOCLCQ$dOCLCA$dOCLCQ$dHMY
=041  1\$achi$heng
=050  \4$aPS3509.L43$bA6 1985
=100  1\$aEliot, T. S.$q(Thomas Stearns),$d1888-1965
=240  10$aWorks.$kSelections.$lChinese.$f1985
=245  10$6880-01$aSi ge si chong zou /$c[Yingguo] Tuo · Ailuete [zhu] ; Qiu Xiaolong yi.
=880  10$6245-01$a四个四重奏 /$c[英国]托 · 艾略特[著] ; 裘小龙译.
=250  \\$6880-02$aDi 1 ban.
=880  \\$6250-02$a第1版.
=260  \\$6880-03$aGuilin :$bLi Jiang chu ban she :$bGuangxi xin hua shu dian fa xing,$c1985.
=880  \\$6260-03$a桂林 :$b漓江出版社 :$b广西新华书店发行,$c1985.
=300  \\$a5, 33, 290 pages, 1 unnumbered leaf of plates :$bportrait ;$c20 cm.
=336  \\$atext$btxt$2rdacontent
=337  \\$aunmediated$bn$2rdamedia
=338  \\$avolume$bnc$2rdacarrier
=490  1\$6880-04$aHuo Nuobei'er wen xue jiang zuo jia cong shu
=880  1\$6490-04$a获诺贝尔文学奖作家丛书
=500  \\$aPoems.
=500  \\$6880-05$a"Ailuete xiao zhuan"--Page 289-290.
=880  \\$6500-05$a"艾略特小傳"--Page 289-290.
=504  \\$aIncludes bibliographical references.
=700  1\$6880-06$aQiu, Xiaolong,$d1953-
=880  1\$6700-06$a裘小龙,$d1953-
=830  \0$6880-07$aHuo Nuobei'er wen xue jiang zuo jia cong shu.
=880  \0$6830-07$a获诺贝尔文学奖作家丛书.

