=LDR  00000cjm a2200517Ia 4500
=001  99153793410003941
=007  sd#fsngnnmmned
=008  920721s1989\\\\fr\zznn\\fgi\\\\\\n\zxx\d
=028  01$a581116$bAdda
=035  \\$a(OCoLC)26226929
=040  \\$aIGA$beng$cIGA$dOCLCQ$dOCLCF$dOCL$dOCLCO$dOCLCQ$dHMU
=043  \\$aa-kr---
=082  04$a784.4519$bB994M, 1989
=100  1\$aByon, Kyu Man.
=245  10$aMusiques traditionnelles et contemporaines de Coree =$bTraditional and contemporary musics [sic] from Korea.
=260  \\$a[France?] :$bAdda ;$aN[ew] Y[ork] :$bDist. by Qualiton Imports,$c℗1989.
=300  \\$a1 audio disc :$bdigital ;$c4 3/4 in.
=306  \\$a000435$a000811$a000619$a000942$a001255$a001108
=336  \\$aperformed music$bprm$2rdacontent
=337  \\$aaudio$bs$2rdamedia
=338  \\$aaudio disc$bsd$2rdacarrier
=340  \\$b4 3/4 in.
=344  \\$adigital$2rdatr
=344  \\$boptical$2rdarm
=344  \\$c1.4 m/s
=347  \\$aaudio file$2rdaft
=347  \\$bCD audio
=370  \\$gKorea$2naf
=382  01$ataêgum$n1$s1$2lcmpt
=500  \\$aTitle from disc label.
=500  \\$aClassical Korean music for taêgum.
=511  0\$aByon Kyu Man, taêgum.
=500  \\$aDistributor from label on container.
=500  \\$aCompact disc.
=500  \\$aBrief biographical and program notes in English and French (1 folded leaf) inserted in container.
=505  0\$aKi-soo Yung Chang Ji Kôk (4:35) -- Soo Yung Jang Ji Kôk (8:11) -- Sé Yung San (6:19) -- Yo Chun Suon Il Ji Kôk (9:42) -- 3 pièces pour le taégum (12:55) -- Illumination. Vagabondage ; Désespoir ; Tranquilité (11:08).
=650  \0$aTaegŭm music$zKorea.
=650  \0$aInstrumental music$zKorea.
=650  \7$aMusic$2fast$0(OCoLC)fst01030269
=650  \7$aTaegŭm music$2fast$0(OCoLC)fst01141911
=651  \7$aKorea.$2fast$0(OCoLC)fst01206434
=655  \7$aArt music$2lcgft
=740  01$aTraditional and contemporary musics from Korea.
=740  01$aTraditional and contemporary music from Korea.
=710  2\$aBrian Q. Silver Collection.$5mus

