=LDR  00000cjm a2200553 a 4500
=001  99153810812803941
=007  sd#fungnnmmne|
=008  021212s1999\\\\enkzznn\\\\\\\\\\\n\zxx\d
=028  02$aNRCD 0114$bNavras
=028  00$aNRCD 0115$bNavras
=035  \\$a(OCoLC)51213860
=040  \\$aWEA$beng$cWEA$dOCLCG$dOCLCF$dOCLCO$dOCLCQ$dHUL
=050  \4$aM1808.S527$bR37 1999
=100  1\$aSharma, Shiv Kumar,$d1938-
=245  10$aRasdhara.
=260  \\$aLondon :$bNavras,$c℗1999.
=300  \\$a2 audio discs :$bdigital ;$c4 3/4 in.
=336  \\$aperformed music$bprm$2rdacontent
=337  \\$aaudio$bs$2rdamedia
=338  \\$aaudio disc$bsd$2rdacarrier
=340  \\$b4 3/4 in.
=344  \\$adigital$2rdatr
=344  \\$boptical$2rdarm
=344  \\$c1.4 m/s
=347  \\$aaudio file$2rdaft
=347  \\$bCD audio
=370  \\$gIndia$2naf$cEngland
=382  01$asantūr$n1$abānsurī$n1$s2$2lcmpt
=500  \\$aTitle from disc label.
=500  \\$aHindustani classical instrumental music ; ragas for santūr and flute (bānsurī)
=511  0\$aShivkumar Sharma, santūr ; Hariprasad Chaurasia, flute.
=500  \\$aCompact disc.
=500  \\$a"Navras NRCD 0114--NRCD0115"
=518  \\$aRecorded Oct. 28, 1997 live at The Royal Festival Hall, London.
=505  0\$aRaga Jhinjhoti -- Raga KIrwani,
=650  \0$aSantūr music
=650  \0$aBānsurī music
=650  \0$aHindustani music$zIndia
=650  \0$aRagas$zIndia
=650  \0$aInstrumental music$zIndia
=650  \7$aHindustani music$2fast$0(OCoLC)fst00957200
=650  \7$aRagas$2fast$0(OCoLC)fst01088507
=655  \7$aArt music$2lcgft
=655  \7$aLive sound recordings$2lcgft
=655  \7$aRagas$2lcgft
=655  \7$aHindustani music$2lcgft
=700  1\$aChaurasia, Hariprasad.
=710  2\$aBrian Q. Silver Collection.$5mus

