=LDR  00000cjm a2200625Ia 4500
=001  99153813729103941
=007  sd#fungnnmmnee
=008  921002s1991\\\\nyuzznn\\fhi\\\\\\n\zxx\d
=024  1\$a731838100227
=028  00$aIAM-CD 1002$bIndia Archive Music
=035  \\$a(OCoLC)26712447
=040  \\$aMST$beng$cMST$dOCLCQ$dOCLCG$dCIA$dOCLCA$dOCLCQ$dCUT$dOCLCO$dOCLCF$dOCL$dOCLCQ$dOCLCA$dWLU$dOCLCO$dCEF$dHMU
=043  \\$aa-ii---
=050  \4$aM1808.C42$bP7 1991x
=082  04$a781.6291
=100  1\$aChaudhuri, Debu
=245  10$aProf. Debu Chaudhuri :$bsitar.
=246  33$aRaga desh
=260  \\$aNew York, N.Y. :$bIndia Archive Music,$c℗©1991.
=300  \\$a1 audio disc :$bdigital, stereo ;$c4 3/4 in.
=336  \\$aperformed music$bprm$2rdacontent
=337  \\$aaudio$bs$2rdamedia
=338  \\$aaudio disc$bsd$2rdacarrier
=340  \\$b4 3/4 in.
=344  \\$adigital$2rdatr
=344  \\$boptical$2rdarm
=344  \\$c1.4 m/s
=347  \\$aaudio file$2rdaft
=347  \\$bCD audio
=370  \\$gIndia$2naf
=382  01$asitar$n1$atabla$n1$s2$2lcmpt
=500  \\$aTitle from disc label.
=500  \\$aHindustani classical music ; ragas.
=511  0\$aDebu Chaudhuri, sitar ; Shafaat Ahmed Khan, tabla.
=518  \\$aRecorded at Adcamp Studios, New Delhi, on December 14, 1989.
=500  \\$aBiographical and program notes ([6] p. : portrait) inserted in container.
=505  0\$aRaga desh : Alap and jor (34:50) -- Vilambit and drut gats in tintal (40:24).
=650  \0$aSitar music$zIndia.
=650  \0$aSitar and tabla music$zIndia.
=650  \0$aRagas$zIndia
=650  \0$aHindustani music$zIndia
=650  \0$aInstrumental music$zIndia
=650  \7$aHindustani music$2fast$0(OCoLC)fst00957200
=650  \7$aMusic$2fast$0(OCoLC)fst01030269
=650  \7$aRagas$2fast$0(OCoLC)fst01088507
=650  \7$aSitar and tabla music.$2fast$0(OCoLC)fst01721460
=650  \7$aSitar music$2fast$0(OCoLC)fst01119783
=651  \7$aIndia$2fast$0(OCoLC)fst01210276
=655  \7$aArt music$2lcgft
=655  \7$aRagas$2lcgft
=655  \7$aHindustani music$2lcgft
=655  \7$aRagas$2fast$0(OCoLC)fst01920425
=700  1\$aKhan, Shafaat Ahmed,$d1954-2005.
=710  2\$aBrian Q. Silver Collection.$5mus

