=LDR  00000cam a2200313 i 4500
=001  99154334299603941
=008  980130t19931993iau\\\\\\\\\\\001\0\eng\d
=020  \\$a1563830280
=020  \\$a9781563830280
=035  \\$a(OCoLC)38289610
=040  \\$aLMJ$beng$erda$cLMJ$dOCL$dOCLCQ$dOCLCF$dOCLCQ$dOCLCO$dOCL$dOCLCA$dHUL
=043  \\$an-us-la
=082  \4$a641.59763$bCAJ
=245  00$aCajun cuisine of the bayou.
=264  \1$aWaverly, IA:$bG & R Publishing Co.,$c[1993]
=264  \4$c©1993
=300  \\$a144 pages ;$c10 x 14 cm
=336  \\$atext$btxt$2rdacontent
=337  \\$aunmediated$bn$2rdamedia
=338  \\$avolume$bnc$2rdacarrier
=500  \\$aEach section has a separate index.
=505  0\$aAppetizers & beverages -- Soups, gumbos & bisques -- Salad & salad dressings -- Vegetables & rice -- Meat & poultry -- Fish & seafood -- Breads -- Miscellaneous.
=650  \0$aCooking, Cajun
=650  \0$aCooking, American$xLouisiana style
=650  \7$aCooking$2fast$0(OCoLC)fst01754966
=650  \7$aCooking, American$xLouisiana style.$2fast$0(OCoLC)fst01753228
=655  \7$aCookbooks$2lcgft
=911  \\$a285.25200..473334.580471.0000.00000

