=LDR  00000cam a2200337Ia 4500
=001  99155841782503941
=008  951017s1971\\\\dcua\\\\\\\\\f001\0\eng\d
=035  \\$a(OCoLC)33315458
=040  \\$aZIX$beng$cZIX$dNGU$dOCLCQ$dOCLCF$dOCLCO$dOCLCA$dMUS$dAGL
=043  \\$an-us---
=070  0\$a1$bAg84Hg no.105 1971
=090  \\$aTX391$b.U46
=245  00$aVegetables in family meals :$ba guide for consumers /$c[prepared by Consumer and Food Economics Research Division, Agricultural Research Service].
=250  \\$aRev. July 1971.
=260  \\$aWashington, D.C. :$bU.S. Dept. of Agriculture :$bFor sale by the Supt. of Docs., U.S. G.P.O.,$c1971.
=300  \\$a29 pages :$billustrations ;$c24 cm.
=336  \\$atext$btxt$2rdacontent
=337  \\$aunmediated$bn$2rdamedia
=338  \\$avolume$bnc$2rdacarrier
=490  1\$aHome and garden bulletin ;$vno. 105
=500  \\$aCover title.
=500  \\$aIncludes index.
=650  \0$aCooking (Vegetables)
=650  \0$aVegetables
=650  \7$aCooking (Vegetables)$2fast$0(OCoLC)fst01753211
=650  \7$aVegetables$2fast$0(OCoLC)fst01164784
=710  1\$aUnited States.$bAgricultural Research Service.$bConsumer and Food Economics Research Division
=710  1\$aUnited States.$bDepartment of Agriculture
=776  08$iOnline version:$tVegetables in family meals.$bRev. July 1971.$dWashington, D.C. : U.S. Dept. of Agriculture : For sale by the Supt. of Docs., U.S. G.P.O., 1971$w(OCoLC)988364874
=830  \0$aHome and garden bulletin$vno. 105.

