=LDR  00000cam a2200337Ia 4500
=001  99155846976703941
=008  040105s1950\\\\maua\\\\\\\\\\001\0\eng\d
=035  \\$a(OCoLC)53978675
=040  \\$aNGU$beng$cNGU$dOCLCQ$dOCLCF$dOCLCQ$dOCLCO
=050  \4$aTX767.C5$bB254 1950
=245  00$aBaker's favorite chocolate recipes :$ba handbook of chocolate cookery.
=246  30$aHandbook of chocolate cookery
=250  \\$a4th ed.
=260  \\$aDorchester, Mass. :$bGeneral Foods Corp.,$c©1950.
=300  \\$a112 pages :$billustrations (some color) ;$c18 cm
=336  \\$atext$btxt$2rdacontent
=337  \\$aunmediated$bn$2rdamedia
=338  \\$avolume$bnc$2rdacarrier
=500  \\$aCover title.
=500  \\$a"Consumer Service Department, Walter Baker Division, General Foods Corporation"--Page 2 of cover.
=500  \\$a"2135"--Page [1].
=500  \\$aIncludes index.
=650  \0$aCooking (Chocolate)
=650  \0$aChocolate
=650  \0$aDesserts
=650  \7$aChocolate$2fast$0(OCoLC)fst00858278
=650  \7$aCooking (Chocolate)$2fast$0(OCoLC)fst01753065
=650  \7$aDesserts$2fast$0(OCoLC)fst00891422
=710  2\$aGeneral Foods Corporation
=710  2\$aGeneral Foods Corporation.$bWalter Baker Division.

