=LDR  00000cam a2200349 a 4500
=001  99155913747803941
=008  000731s2001\\\\cau\\\\\\\\\\\000\0\eng\\
=010  \\$a   00062208 
=020  \\$a1577311337
=020  \\$a9781577311331
=035  \\$a(OCoLC)44818501
=040  \\$aDLC$beng$cDLC$dBTCTA$dBAKER$dOCLCF$dOCLCO$dOCLCQ$dRB0$dOCLCO$dOCL$dOCLCA$dCLAPC
=050  00$aPN6110.E65$bI58 2001
=082  00$a808.81/93538$221
=245  00$aIntimate kisses :$bthe poetry of sexual pleasure /$cedited by Wendy Maltz ; foreword by Thomas Moore.
=260  \\$aNovata, Calif. :$bNew World Library ;$a[Emeryville, Calif.] :$bDistributed to the trade by Publishers Group West,$c©2001.
=300  \\$axxxvi, 203 pages ;$c20 cm
=336  \\$atext$btxt$2rdacontent
=337  \\$aunmediated$bn$2rdamedia
=338  \\$avolume$bnc$2rdacarrier
=505  0\$aThe real hearth / Marge Piercy -- Wild nights -- wild nights! / Emily Dickinson -- Lineaments of desire / Patti Tana -- "The moth's kiss, first!..." / Robert Browning -- The dance / Robin Jacobson -- Little acts of love / Marge Piercy -- Thirst / Linda Alexander -- Fires / Floyd Skloot -- Black water / George Keithley -- What makes it good / David Meuel -- Shaving night sonnet / Debra Pennington Davis -- Come with me to our sweet bed / Penny Harter -- That day / Nikki Giovanni -- "Spring paints the countryside..." / Jelaluddin Rumi -- Skinsong / Trudi Paraha -- Peeling an orange / Virginia Hamilton Adair -- I want to sing / Nikki Giovanni -- I woke up / Patti Tana -- Breakfast in bed / Michael S. Smith -- A simple pleasure / Joseph H. Ball -- The night the children were away / Stephen Dunn -- Begin in the night / Abigail Albrecht -- I want to love you with every piece of this body / James Tipton -- Aubade / Robert Wrigley -- The kiss / Anne Sexton
=505  0\$a(Cont.) Entry october 26 / Walter Benton -- Bacchanalia / J. B. Bernstein -- I cannot forget the woman in the mirror / Sharon Olds -- "I love being lost..." / Karen Garrison -- Laughing thoroughbreds / Patti Tana -- The gateway / A. D. Hope -- Awakening / Gayle Eleanor -- Touch / Octavio Paz -- Full summer / Sharon Olds -- Coming together / Jeff Walt -- The water cycle / Alison Stone -- Touches / Floyd Skloot -- In the kitchen / Alexander Taylor -- Making love / Walt Farran -- After New Hampshire / Rosemary Klein -- On entering the sea / Nizar Qabbani -- "Spring overall.but inside us..." / Jelaluddin Rumi -- The first time ever i saw your face / Ewan Maccoll -- The tenth kiss / Joannes Secundus -- Bones / Roger Pfingston -- The ninth secret poem / Guillaume Apollinaire -- The shape of brightness / Laura K. Gourlay
=505  0\$a(Cont.) The smallest blue veins / Neil Carpathios -- Lightning at rest / Octavio Paz -- The outpouring / David Meuel -- Bio logos / Molly Peacock -- On a night of the full moon / Audre Lorde -- Nesting / Abigail Albrecht -- Whaia i te po / Trudi Paraha -- Your tongue / Edward Kleinschmidt Mayes -- Descending / David Meuel -- Heat in the body / David Watts -- Tell me / Carolyn Flynn -- "I give you my tongue..." / Patrick Mulrooney -- Kiss / Corey Mesler -- Entry june 12 / Walter Benton -- The butterfly / Nikki Giovanni -- It / Leatha Kendrick -- Afterword / Ginger Murchison -- 2 am / Dorianne Laux -- Alicante / Jacques Prevert -- Good / Bruce Taylor -- In your hands / Jane Hirshfield -- Ten years together / David Meuel -- Just before seventy / Rusty Fischer -- I love it when / Sharon Olds -- The enjoyment / Anon -- Creation / Dara Prisamt Murray -- Public Affection / Emani -- "I flung closer to his breast..." / Elizabeth Barrett Browning
=505  0\$a(Cont.) Love poem / Sarah Brown Weitzman -- In the absence of ocean / Alison Townsend -- At the kitchen counter / Jay Farbstein -- Wet / Marge Piercy -- Oh yeah / Charles Rossiter -- Spilling / Trudi Paraha -- Occasion / Roger Pfingston -- Horizons / Barbara la Morticella -- Axis / Octavio Paz -- Gravity / Rick Fournier -- All year long / Anonymous -- Cornfield / Gail Morse -- All that wet / Diane Quintrall Lewis -- "O it's nice to get up in, the slipshod mucous kiss..." / E. E. Cummings -- And sunday morning / Christian McEwen -- Armfuls of summer / Kathleen Iddings -- Apricots and figs / Edward Kleinschmidt Mayes -- This night only / Kenneth Rexroth -- Swan's song / Elizabeth M. Dalton -- Cloudburst / Ed L. Wier -- Night of blue stars / Abigail Albrecht -- The night / Galway Kinnell
=505  0\$a(Cont.) Sometimes, after making love / Ellen Bass -- Where i go after sex / John Grey -- Afterwards / Dorianne Laux -- A good afternoon / Roger Pfingston -- Sun and moon / Gina Zeitlin -- Love and desire / Elizabeth Claman -- Fire / Lucille Lang Day -- Finishing touches / David Meuel -- Night poem / Penny Harter -- Time to embrace / Michael Foster -- "Her eyes in sleep..." / Anonymous -- Listener / Joseph Millar -- Myth / Jonathan Blake -- Seamless beauty / Wendy Lee -- Aubade / Anon -- Morning / Maureen Tolman Flannery -- Redbud / Wally Swist -- The ordinary day begins / June Sylvester Saraceno -- Lastnight, after we made love / Danusha Lameris de Garza -- In victoria's secret, near the bras / Neil Carpathios -- Maidenhair and wild roses / Wally Swist -- A moment / Abraham Linik -- Last night / Sharon Olds.
=520  \\$aThis new collection from the editor of Passionate Hearts: The Poetry of Sexual Love and author of The Sexual Healing Journey includes 121 poems by such poets as Rumi, Marge Piercy, Emily Dickinson, Nikki Giovanni, Anne Sexton, Sharon Olds, Octavio Paz, and Elizabeth Barrett Browning. Therapist and marriage counselor Wendy Maltz turns up the heat while celebrating healthy sexuality in this collection of poems that dispel the negative cultural message that what feels good must be bad. Maltz's anthologies are designed to inspire couples toward a deeper physical intimacy and to show that the sexual impulse can be aroused by conveying personal experience through great writing.
=650  \0$aErotic poetry
=650  \7$aErotic poetry$2fast$0(OCoLC)fst00914867
=655  \7$aErotic poetry$2fast$0(OCoLC)fst01726600
=655  \7$aErotic poetry$2lcgft
=700  1\$aMaltz, Wendy

