=LDR  00000cam a2200253Ia 4500
=001  99155913752403941
=008  940303s1993\\\\nyu\\\\\\\\\\\000\1\eng\d
=020  \\$a002079262X
=020  \\$a9780020792628
=035  \\$a(OCoLC)29901608$z(OCoLC)979701114$z(OCoLC)980156324
=040  \\$aOCJ$beng$cOCJ$dSPP$dYDXCP$dOCLCG$dOCLCQ$dOCLCF$dOCLCQ$dOCLCO
=050  \4$aPS509.E7$bB47 1993
=245  04$aThe Best American erotica 1993 /$cedited by Susie Bright.
=250  \\$a1993 ed.
=260  \\$aNew York, NY :$bCollier Books,$c©1993.
=300  \\$axxvi, 241 pages ;$c21 cm
=336  \\$atext$btxt$2rdacontent
=337  \\$aunmediated$bn$2rdamedia
=338  \\$avolume$bnc$2rdacarrier
=505  0\$aRubenesque / Magenta Michaels -- from The tale of the body thief / Anne Rice -- Brian's bedroom / Leigh Rutledge -- Serenade for female with fantasies / Anne Marie Mardith -- from Vox / Nicholson Baker -- Why / Bob Flanagan -- Milk / Michael Dorsey -- Five dimes / Anita "Melissa" Mashman -- In Griff's in L.A. on a rainy Sunday afternoon in February / Carter Wilson -- Horny / Greg Boyd -- Me and the boys / Trish Thomas -- Two at once / Robert Silverberg -- from Citre et trans / Samuel R. Delany -- Ellen, from Chicago / Pat A. Williams -- The golden boy / Carol A. Queen -- I have something for you / Blake C. Aarens -- Belonging / Pat Califia -- Needless to say / Lisa Palac -- The flood / Ronald Sukenick -- Ninety-three million miles away / Barbara Gowdy.
=650  \0$aErotic literature, American
=650  \7$aErotic literature, American$2fast$0(OCoLC)fst00914795
=700  1\$aBright, Susie,$d1958-

