=LDR  00000cam a2200373Ia 4500
=001  99155913761603941
=008  990709s2000\\\\njua\\\j\\\\\\000\0\eng\\
=010  \\$a   99039697 
=020  \\$a0818406089
=020  \\$a9780818406089
=024  3\$a9780818406089$d51495
=035  \\$a(OCoLC)42002594$z(OCoLC)45688553$z(OCoLC)755978312$z(OCoLC)1259372268
=040  \\$aDLC$beng$cDLC$dYDX$dCPL$dBAKER$dBTCTA$dYDXCP$dBUR$dOCLCF$dOCLCQ$dOCLCO$dOCLCQ$dJTH$dOCLCA$dTXSVP$dQQ3$dBRL$dJDP$dOCL$dOCLCO$dHUL$dIG#$dBDX
=042  \\$apcc$alcac
=050  00$aQP251.5$b.M38 2000
=082  00$a612.6$223
=100  1\$aMayle, Peter.
=245  10$a"Where did I come from?" :$ba guide for children and parents /$cwritten by bestselling author Peter Mayle.
=250  \\$aAfrican-American ed.
=260  \\$aNew York, NY :$bLyle Stuart :$bKensington Publishing Corp.,$c©2000.
=300  \\$a1 volume (unpaged) :$bcolor illustrations ;$c25 cm
=336  \\$atext$btxt$2rdacontent
=337  \\$aunmediated$bn$2rdamedia
=338  \\$avolume$bnc$2rdacarrier
=520  \\$aDescribes the reproductive process from intercourse to birth.
=500  \\$a"Illustrations adapted by Zina Sauders, after the art of Arthur Robins."--Title page verso.
=650  \0$aHuman reproduction$vJuvenile literature.
=650  \1$aReproduction.
=650  \7$aHuman reproduction.$2fast$0(OCoLC)fst00963221
=655  \7$aLiterature.$2fast$0(OCoLC)fst01921716
=655  \7$aJuvenile works.$2fast$0(OCoLC)fst01411637
=655  \7$aLiterature.$2lcgft
=991  \\$b2022-03-31$cWorldCat record variable field(s) change: 019

