=LDR  00000nam a22001815u 4500
=001  990000840110203941
=008  830804s1968\\\\gw\|||||||||||||||||ger||
=035  \\$a(OCoLC)32075554
=100  1\$aVasos, Georg.
=245  14$aDie Beziehungen zwischen Banken und Industrie in Griechenland.
=260  \\$aFreiburg im Breisgau,$c1968.
=300  \\$a204 p.
=500  \\$aDiss.--Albert-Lubwigs-Universität Freiburg im Breisgau, 1968.
=900  \\$a000084011
=901  4\$aAAJ0089
=903  \\$aMHAAJ00894HU
=914  \\$aNO-WORLDCAT

