=LDR  00000cam a2200433Ia 4500
=001  990013157490203941
=008  941024s1987\\\\gw\a\\\\\b\\\\000\0\ger\d
=015  \\$a88,A06,1984$2dnb
=015  \\$a88A061984$2dnb
=016  7\$a880071532$2DE-101
=020  \\$a3458146091
=020  \\$a9783458146094
=035  \\$a(OCoLC)31348118$z(OCoLC)50021278
=040  \\$aWTU$beng$cWTU$dOCL$dOCLCQ$dB9K$dDEBSZ$dGBVCP$dOCLCO$dOCLCQ$dOCLCO$dOCLCF$dOCLCA$dHUL
=043  \\$aa-ii---
=050  14$aPK5471$b.G4 1987
=084  \\$a59$2sdnb
=084  \\$aSage$2asb
=245  04$aDie Sieben Gärten der Liebe /$cherausgegeben von Roland Beer.
=250  \\$a1. Aufl.
=260  \\$aFrankfurt am Main :$bInsel,$c1987.
=300  \\$a505 pages :$billustrations ;$c22 cm
=336  \\$atext$btxt$2rdacontent
=337  \\$aunmediated$bn$2rdamedia
=338  \\$avolume$bnc$2rdacarrier
=500  \\$a"Eine Sammlung alter indischer Geschichten von Treue und Leidenschaft, von Begehren und Verrat, von Zauber, Trug und Weiberlist, von Tugend und törichtem Wahn."
=500  \\$aMit 25 Reproduktionen nach indischen Miniaturen.
=650  \0$aTales$zIndia$vTranslations into German.
=650  \0$aRomance fiction
=650  \7$aTales$2fast$0(OCoLC)fst01142246
=651  \7$aIndia$2fast$0(OCoLC)fst01210276
=655  \7$aRomance fiction$2lcgft
=655  \7$aFiction$2lcgft
=700  1\$aBeer, Roland.
=900  \\$a001315749
=901  4\$aAFY4638
=903  \\$aMHAFY46384HU
=905  \\$aGR^0305

