=LDR  00000cam a2200445Ia 4500
=001  990020365200203941
=008  930923s1970\\\\sy\\\\\\\i\\\\000\0\arar\
=010  \\$a   74204891 
=035  \\$a(OCoLC)28882056
=040  \\$aDLC$beng$cCUY$dCUY$dOCL$dOCLCQ$dUUM$dOCLCO$dOCLCA$dOCLCF$dOCLCO$dOCLCQ$dOCLCO$dIUL
=050  0\$aBP135.A156$bB38
=100  1\$6880-01$aBayk, Ṣidqī Muḥammad.
=880  1\$6100-01//r$aبيك، صدقي محمد.
=245  13$6880-02$aal-Murshid ilá aḥādīth "Sunan al-Tirmidhī" :$bwa-huwa muʻjam li-jamīʻ al-aḥādīth ... /$ctaʼlīf Ṣidqī Muḥammad al-Bayk ; murājaʻat ʻIzzat ʻUbayd Daʻʻās.
=880  12$6245-02//r$aالمرشد الى احاديث "سنن الترمذي" :$bوهو معجم لجميع الاحاديث ... /$cتأليف صدقي محمد البيك ؛ مراجعة عزت عبيد دعاس.
=250  \\$6880-03$aal-Ṭabʻah 1.
=880  \\$6250-03//r$aالطبعة 1.
=260  \\$6880-04$aDimashq :$bTawzīʻ Dār al-Ghazzālī,$c1970.$e(Ḥimṣ :$fMaṭbaʻat al-Fajr)
=880  \\$6260-04//r$aدمشق :$bتوزيع دار الغزالي،$c1970.$e(حمص :$fمطبعة الفجر)
=300  \\$a677 pages ;$c26 cm
=336  \\$atext$btxt$2rdacontent
=337  \\$aunmediated$bn$2rdamedia
=338  \\$avolume$bnc$2rdacarrier
=500  \\$aDate on verso t.p. 1969; date in colophon 1970.
=600  10$6880-05$aTirmidhī, Muḥammad ibn ʻĪsá,$d-892.$tJāmiʻ al-ṣaḥīḥ$vIndexes.
=880  14$6600-05//r$aترمذي، محمد بن عيسى،$d-892.$tجامع الصحيح.
=650  \0$aHadith$vIndexes
=630  07$aJāmiʻ al-ṣaḥīḥ (Tirmidhī, Muḥammad ibn ʻĪsá)$2fast$0(OCoLC)fst01368448
=650  \7$aHadith$2fast$0(OCoLC)fst00950112
=655  \7$aIndexes$2fast$0(OCoLC)fst01423761
=700  1\$6880-06$aDaʻʻās, ʻIzzat ʻUbayd.
=880  1\$6700-06//r$aدعاس، عزت عبيد.
=700  1\$6880-07$aTirmidhī, Muḥammad ibn ʻĪsá,$d-892.$tJāmiʻ al-ṣaḥīḥ.
=880  1\$6700-07//r$aترمذي، محمد بن عيسى،$d-892.$tجامع الصحيح.
=752  \\$aSyria$dDamascus.
=900  \\$a002036520
=901  0\$aAJY3115
=903  \\$aMHAJY31150HU
=905  \\$aBP^0135

