=LDR  00000cam a22003497i 4500
=001  990020481990203941
=008  880705q19801986jo\\\\\\\b\\\\000\0\ara\\
=010  \\$a   86963074 
=035  \\$a(OCoLC)26281169
=040  \\$aDLC$beng$erda$cDLC$dUUM$dOCLCO$dOCLCF$dOCLCQ
=050  \4$aBP165$b.M795
=245  00$6880-01$aMuḥāḍarāt fī al-thaqāfah al-Islāmīyah.
=880  00$6245-01/(3/r$aمحاضرات في الثقافة الإسلامية.
=264  \1$6880-02$a[Amman] :$bMudīrīyat al-Iftāʼ fī al-Qūwāt al-Musallaḥah al-Urdunīyah,$c[between 1980 and 1986]
=880  \1$6264-02/(3/r$a[عمان] :$bمديرية الإفتاء في القوات المسلحة الأردنية،$c[between 1980 and 1986]
=300  \\$a248 pages ;$c24 cm
=336  \\$atext$btxt$2rdacontent
=337  \\$aunmediated$bn$2rdamedia
=338  \\$avolume$bnc$2rdacarrier
=504  \\$aIncludes bibliographical references.
=650  \0$aIslam.
=650  \0$aIslamic civilization
=650  \7$aIslam$2fast$0(OCoLC)fst00979776
=650  \7$aIslamic civilization$2fast$0(OCoLC)fst01730294
=752  \\$aJordan$dAmman.
=710  1\$6880-03$aJordan.$bQūwāt al-Musallaḥah.$bMudīrīyat al-Iftāʼ.
=880  1\$6710-03/(3/r$aالأردن.$bقوات المسلحة.$bمديرية الإفتاء.
=900  \\$a002048199
=901  7\$aAJZ7817
=903  \\$aMHAJZ78177HU
=905  \\$aBP^0165

