=LDR  00000cam a2200385 a 4500
=001  990020596270203941
=008  920128s1990\\\\ua\\\\\\\\\\\\000\f\ara\d
=010  \\$a   90960839 
=014  \\$a33855026$bOCoLC
=035  \\$a(OCoLC)25336502$z(OCoLC)25520346$z(OCoLC)25680301$z(OCoLC)33855026
=040  \\$aPUL$beng$cPUL$dUUM$dIUL$dOCLCQ$dWAU$dOCLCF
=050  \4$aPJ7808.A39$bM38 1990
=100  1\$6880-01$aAbū al-Makārim, ʻAlī
=880  1\$6100-01/(3/r$aأبو المكارم، علي.
=245  13$6880-02$aal-Mawt ʻishqan :$briwāyah /$cʻAlī Abū al-Makārim.
=880  12$6245-02/(3/r$aالموت عشقن :$bرواية /$cعلي أبو المكارم.
=250  \\$6880-03$aal-Ṭabʻah 1.
=880  \\$6250-03/(3/r$aالطبعة ١.
=264  \1$6880-04$aal-Qāhirah :$bDār al-Thaqāfah al-ʻArabīyah,$c1990.
=880  \1$6264-04/(3/r$aالقاهرة :$bدار الثقافة العربية،$c1990.
=300  \\$a418 pages ;$c24 cm
=336  \\$atext$btxt$2rdacontent
=337  \\$aunmediated$bn$2rdamedia
=338  \\$avolume$bnc$2rdacarrier
=386  \\$aMen$2lcdgt
=500  \\$aModern Arabic novel.
=655  \7$aNovels$2fast$0(OCoLC)fst01921742
=655  \7$aNovels$2lcgft
=752  \\$aEgypt$dCairo.
=776  08$iOnline version:$aAbū al-Makārim, ʻAlī.$tMawt ʻishqan.$bal-Ṭabʻah 1.$dal-Qāhirah : Dār al-Thaqāfah al-ʻArabīyah, 1990$w(OCoLC)605618306
=776  08$iOnline version:$aAbū al-Makārim, ʻAlī.$tMawt ʻishqan.$bal-Ṭabʻah 1.$dal-Qāhirah : Dār al-Thaqāfah al-ʻArabīyah, 1990$w(OCoLC)624460646
=900  \\$a002059627
=901  3\$aAKB1911
=903  \\$aMHAKB19113HU

