=LDR  00000cam a2200385 a 4500
=001  990023584350203941
=008  910214s1991\\\\nyua\\\\\b\\\\001\0\eng\\
=010  \\$a^^^91050141^
=020  \\$a0670837601
=020  \\$a9780670837601
=035  \\$a(OCoLC)24107917
=040  \\$aDLC$beng$cDLC$dBTCTA$dYDXCP$dBAKER$dOCLCF$dNZAUC$dOCLCQ
=043  \\$ae-uk---
=050  00$aTX765$b.K73 1991
=082  00$a641.7/1/0941$220
=100  1\$aKrasner, Deborah.
=245  10$aFrom Celtic hearths :$bbaked goods from Scotland, Ireland, and Wales /$ctext and illustrations by Deborah Krasner.
=260  \\$aNew York, N.Y., U.S.A. :$bViking Studio Books,$c1991.
=300  \\$axi, 84 pages :$billustrations ;$c19 cm
=336  \\$atext$btxt$2rdacontent
=337  \\$aunmediated$bn$2rdamedia
=338  \\$avolume$bnc$2rdacarrier
=504  \\$aIncludes bibliographical references (pages 80-81) and index.
=505  0\$aIntroductuion -- In the oven: scones, oatcakes, farls -- On the griddle: drop scones, pikelets, bannocks -- Cottage rounds: soda-risen breads -- Country loaves: yeast breads, baps, rolls -- Small cakes: cookies, shortbreads, sweet biscuits -- Festive endings: tea cakes and sweet cakes.
=650  \0$aBaking.
=650  \0$aCooking, Celtic.
=650  \7$aBaking$2fast$0(OCoLC)fst00825632
=650  \7$aCooking, Celtic.$2fast$0(OCoLC)fst01753276
=776  08$iOnline version:$aKrasner, Deborah.$tFrom Celtic hearths.$dNew York, N.Y., U.S.A. : Viking Studio Books, 1991$w(OCoLC)679299227
=700  1\$aChild, Julia$eformer owner.$5sch
=900  \\$a002358435
=901  8\$aALM1373
=903  \\$aMHALM13738HU
=905  \\$aTX^0765

