=LDR  00000nam a2200205K  4500
=001  990024118680203941
=008  831005s1913\\\\xx\\\\\\\\\\\\000\0\ger\d
=035  \\$a(OCoLC)43767969
=040  \\$aCIN$cCIN$dDDO
=100  1\$aReinwald, Karl.
=245  14$aDie ausgabe des ersten Buches der Laudes dei und der Satisfactio des Dracontius durch Eugenius von Toledo.
=260  \\$aSpeyer,$bDruck der Dr. Jägerschen Buchdruckerei,$c1913.
=300  \\$a106 p.
=500  \\$a"Programm zum Jahresberichte des K. humanistischen Gymnasiums Speyer 1912/13."
=600  10$aDracontius, Blossius Aemilius,$dactive 5th century.
=900  \\$a002411868
=901  0\$aALU4330
=903  \\$aMHALU43300HU
=998  \\$aNO-OVERLAY

