=LDR  00000cam a2200805 a 4500
=001  990026180920203941
=008  920320s1992\\\\nyu\\\\\\b\\\\000\1\eng\\
=010  \\$a   92052955 
=020  \\$a0679416811
=020  \\$a9780679416814
=020  \\$a0449912116
=020  \\$a9780449912119
=035  \\$a(OCoLC)26055447$z(OCoLC)28536883$z(OCoLC)35307259$z(OCoLC)962867994$z(OCoLC)964623474$z(OCoLC)966147421$z(OCoLC)968017837$z(OCoLC)969052449$z(OCoLC)1007552641$z(OCoLC)1054895515$z(OCoLC)1149135426
=040  \\$aDLC$beng$cDLC$dBAKER$dNLGGC$dBTCTA$dYDXCP$dGRR$dVND$dTXAPL$dDEBBG$dZWZ$dSHM$dGBVCP$dP4I$dOCLCO$dOCLCQ$dOCLCF$dOCLCO$dOKN$dFEM$dSFR$dOCLCQ$dCSJ$dOCLCO$dOCLCQ$dOCLCO$dCD5$dOCLCA$dOCLCQ$dCBA$dTYC$dOCLCO$dEVV$dOCLCO$dCPO$dNZ1$dOCLCO$dLD4$dOCLCO$dTJC$dAZN$dZQP$dOCLCO$dOCLCQ$dTLE$dOCLCO$dDLC$dOCLCO$dMMK$dOCLCO$dOCL$dBUF$dOCLCO$dWTV$dLF7$dOCLCO$dCRG$dOCLCO$dAAA
=043  \\$an-us---
=050  00$aPS3571.P4$bM45 1992b
=051  \\$aPS3571.P4$bM45 1992b Copy 3
=082  00$a813/.54$220
=084  \\$a18.06$2bcl
=084  \\$aHU 8963$2rvk
=084  \\$a17.97$2bcl
=100  1\$aUpdike, John.
=245  10$aMemories of the Ford administration :$ba novel /$cJohn Updike.
=250  \\$a1st trade ed.
=260  \\$aNew York :$bKnopf :$bDistributed by Random House,$c1992.
=300  \\$a371 pages ;$c22 cm
=336  \\$atext$btxt$2rdacontent
=337  \\$aunmediated$bn$2rdamedia
=338  \\$avolume$bnc$2rdacarrier
=386  \\$aPennsylvanians$2lcdgt
=386  \\$aBay Staters$2lcdgt
=386  \\$aMen$2lcdgt
=510  4\$aDe Bellis & Broomfield.^^John Updike,$cA140[b]
=504  \\$aIncludes bibliographical references (page 371).
=520  \\$aAlfred Clayton recounts his memories and impressions of the Ford Administration, accidentally including pages from an unpublished book on President James Buchanan.
=650  \0$aPresidents$zUnited States$vFiction.
=650  \6$aPrésidents$zÉtats-Unis$vRomans, nouvelles, etc.
=650  \7$aPolitics and government.$2fast$0(OCoLC)fst01919741
=650  \7$aPresidents.$2fast$0(OCoLC)fst01075723
=651  \0$aUnited States$xPolitics and government$y1974-1977$vFiction.
=651  \6$aÉtats-Unis$xPolitique et gouvernement$y1974-1977$vRomans, nouvelles, etc.
=651  \7$aUnited States.$2fast$0(OCoLC)fst01204155
=651  \7$aÉtats-Unis$xPolitique et gouvernement$y1974-1977$xRomans.$2ram
=651  \7$aUnited States$xPolitics and government$vFiction.$2sears
=655  \0$aPolitical fiction.
=655  \7$aHistorical fiction.$2fast$0(OCoLC)fst01726640
=655  \7$aFiction.$2fast$0(OCoLC)fst01423787
=655  \7$aPolitical fiction.$2fast$0(OCoLC)fst01726702
=655  \7$aHistorical fiction.$2gsafd
=655  \7$aPolitical fiction.$2lcgft
=655  \7$aHistorical fiction.$2lcgft
=600  10$aFord, Gerald R.,$d1913-2006$vFiction.
=600  10$aBuchanan, James,$d1791-1868$vFiction.
=600  17$aBuchanan, James,$d1791-1868.$2fast$0(OCoLC)fst00029121
=600  17$aFord, Gerald R.,$d1913-2006.$2fast$0(OCoLC)fst00031913
=600  17$aFord, Gerald R.$d(1913-2006)$xRomans.$2ram
=600  17$aFord, Gerald R.,$d1913-2006$vFiction.$2sears
=600  17$aBuchanan, James,$d1791-1868$vFiction.$2sears
=648  \7$a1974-1977$2fast
=700  1\$aUpdike, John,$eformer owner,$eannotator.$5hou
=700  1\$aHoagland, Edward,$eformer owner.$5hou
=752  \\$aUnited States$bNew York$dNew York.
=776  08$iOnline version:$aUpdike, John.$tMemories of the Ford administration.$b1st trade ed.$dNew York : Knopf : Distributed by Random House, 1992$w(OCoLC)644048707
=830  \0$aJohn Updike Corrected Master Copies.$5hou
=900  \\$a002618092
=901  9\$aAMW3044
=903  \\$aMHAMW30449HU
=905  \\$aPS^3571
=991  \\$b2022-03-31$cWorldCat record variable field(s) change: 655

