=LDR  00000pam a2200301 a 4500
=001  990026492210203941
=008  911226s1992\\\\nyu\\\\\\\\\\\001\0\eng\\
=010  \\$a^^^91045729^
=020  \\$a0025482610 :$c{dollar}23.00
=035  \\$a(OCoLC)25130904
=040  \\$aDLC$cDLC$dDLC
=043  \\$as-bl---
=050  00$aTX716.B6$bH37 1992
=082  00$a641.5981$220
=100  1\$aHarris, Jessica B.
=245  10$aTasting Brazil :$bregional recipes and reminiscences /$cJessica B. Harris.
=260  \\$aNew York :$bMacmillan ;$aToronto :$bMaxwell Macmillan Canada ;$aNew York :$bMaxwell Macmillan International,$cc1992.
=300  \\$axi, 285 p. ;$c25 cm.
=500  \\$aIncludes index.
=520  \\$aPresents 175 varied recipes of Brazilian cuisine.
=650  \0$aCooking, Brazilian
=776  08$iOnline version:$aHarris, Jessica B.$tTasting Brazil.$dNew York : Macmillan ; Toronto : Maxwell Macmillan Canada ; New York : Maxwell Macmillan International, ©1992$w(OCoLC)663362576
=700  1\$aChild, Julia$eformer owner.$5sch
=900  \\$a002649221
=901  0\$aANA2130
=903  \\$aMHANA21300HU
=905  \\$aTX^0716

