=LDR  00000nam a2200229K  4500
=001  990029878910203941
=008  911114s1842\\\\mau\\\\\\\\\\\000\0\eng\d
=035  \\$a(OCoLC)24780954
=040  \\$aRBN$cRBN$dHMG
=090  \\$aBV4316.T5$bC61
=100  1\$aCozzens, Samuel Woodworth,$d1834-1878.
=245  00$aMore laborers needed for the Gospel Harvest.$bSermon before the Auxiliary education society of Norfolk county at thier annual meeting in Wrentham, June 8, 1842.
=260  \\$aBoston,$bT.R. Marvin,$c1842.
=300  \\$a28 p.$c(8vo.)
=650  \0$aSermons, American.
=650  \0$aTheology$xStudy and teaching$xSocieties, etc.
=900  \\$a002987891
=901  0\$aAOR5425
=903  \\$aMHAOR54250HU
=905  \\$aBV^4316
=948  \\$aORC2755EDGUT1Box00007$b19930417$c19930429

