=LDR  00000cam a2200553 a 4500
=001  990032942090203941
=008  930526s1992\\\\stk\\\\\\r\\\\001\0\eng\\
=010  \\$a   00300606 
=015  \\$aGB9329012$2bnb
=016  7\$a012306778$2Uk
=020  \\$a0900649798$q(pbk.)
=020  \\$a9780900649790$q(pbk.)
=035  \\$a(OCoLC)28334352
=040  \\$aUKM$beng$cUKM$dDLC$dESU$dBTCTA$dBRI$dOCLCQ$dOCLCF$dOCLCQ$dFHL$dOCLCO$dOCL$dEUW$dOCLCQ$dHUL
=043  \\$ae-uk-st
=050  00$aDA759$b.E97 1992
=072  \7$a05E$2sigle
=072  \7$a05B$2sigle
=082  00$a027.0411/025$221
=082  04$a900$222
=245  00$aExploring Scottish history :$ba directory of resource centres for Scottish local and national history in Scotland /$c[edited by Michael Cox].
=260  \\$aEdinburgh :$bScottish Library Association and Scottish Local History Forum,$c1992.
=300  \\$a161 pages ;$c21 cm
=336  \\$atext$btxt$2rdacontent
=337  \\$aunmediated$bn$2rdamedia
=338  \\$avolume$bnc$2rdacarrier
=500  \\$aIncludes index.
=650  \0$aHistory
=650  \0$aInformation science
=650  \2$aLibraries.
=650  \7$aInformation science$2fast$0(OCoLC)fst00972640
=651  \7$aScotland$xArchives and libraries$xDirectories.$2fssh
=650  \7$aHistory$2fast$0(OCoLC)fst00958235
=650  \7$aHistory.$2sigle
=650  \7$aDocumentation, information science and librarianship.$2sigle
=653  1\$aLibraries
=653  1\$aArchives
=653  1\$aScotland
=653  \\$aHistory
=653  \\$aInformation science & librarianship
=655  \7$aDirectories.$2rbgenr
=700  1\$aCox, Michael,$d1927-
=710  2\$aScottish Library Association.
=710  2\$aScottish Local History Forum.
=900  \\$a003294209
=901  8\$aAPY1108
=903  \\$aMHAPY11088HU
=905  \\$aZ^^0000

