=LDR  00000cas a2200697 a 4500
=001  990041536660203941
=008  940414c19949999vaubr\p\\\\\\\0\\\a0eng\c
=010  \\$a   94644504 $zsn 94039023 
=022  0\$a1076-8866$l1076-8866$y0002-8770$21
=032  \\$a527210$bUSPS
=035  \\$a(OCoLC)30148811$z(OCoLC)221725301$z(OCoLC)968618593$z(OCoLC)971905584$z(OCoLC)973910876$z(OCoLC)980162304$z(OCoLC)994603311$z(OCoLC)1000807713$z(OCoLC)1011802949$z(OCoLC)1031608387$z(OCoLC)1031608388$z(OCoLC)1054319151$z(OCoLC)1078554600$z(OCoLC)1081069105$z(OCoLC)1127463514$z(OCoLC)1129223467$z(OCoLC)1135643778$z(OCoLC)1165386059$z(OCoLC)1200998862$z(OCoLC)1201580441$z(OCoLC)1301526248$z(OCoLC)1302372088$z(OCoLC)1305891276
=037  \\$bCowles Magazines, PO Box 1776, Mount Morris, IL 61054-9948
=040  \\$aGZG$beng$cGZG$dPVU$dUIU$dNYG$dWAU$dNSD$dDLC$dSYS$dGUA$dMUQ$dOCLCQ$dCUV$dDLC$dXY4$dDLC$dOCLCQ$dCUS$dOCLCQ$dOCLCF$dPOA$dGRR$dOCLCO$dFHL$dFUG$dLWA$dHLS$dCNO$dCSA$dKFH$dZAS$dOCLCO$dCUI$dOCLCO$dCSG$dOCLCO$dBUF$dOCLCO$dOCLCA$dOCLCO$dTNZ
=042  \\$apcc$ansdp
=043  \\$an-us---
=050  00$aE171$b.A574
=082  \0$a973.05
=130  0\$aAmerican history (Harrisburg, Pa.)
=210  0\$aAm. hist.$b(Harrisbg. Pa.)
=222  \0$aAmerican history$b(Harrisburg, Pa.)
=245  10$aAmerican history.
=260  \\$aHarrisburg, PA :$bCowles History Group, a division of Cowles Magazines,$cc1994-
=260  3\$32006-:$aLeesburg, Va. :$bWeider History Group
=300  \\$av. :$bill. ;$c28 cm.
=310  \\$aBimonthly
=336  \\$atext$btxt$2rdacontent
=337  \\$aunmediated$bn$2rdamedia
=338  \\$avolume$bnc$2rdacarrier
=362  0\$aVol. 29, no. 2 (June 1994)-
=500  \\$aTitle from cover.
=588  \\$aLatest issue consulted: Vol. 29, no. 3 (Aug. 1994).
=650  \0$aHistory.
=650  \2$aHistory
=650  \6$aHistoire.
=650  \7$ahistory (discipline)$2aat
=651  \0$aUnited States$xHistory$vPeriodicals.
=651  \2$aUnited States
=651  \6$aÉtats-Unis$xHistoire$vPériodiques.
=651  \7$aUnited States.$2fast$0(OCoLC)fst01204155
=651  \7$aUnited States$xHistory$xPeriodicals.$2fssh
=655  \0$aPeriodicals.
=655  \2$aPeriodical
=655  \7$aperiodicals.$2aat
=655  \7$aHistory.$2fast$0(OCoLC)fst01411628
=655  \7$aPeriodicals.$2fast$0(OCoLC)fst01411641
=655  \7$aPeriodicals.$2lcgft
=655  \7$aPeriodicals.$2lcsh
=655  \7$aPériodiques.$2rvmgf
=776  08$iOnline version:$tAmerican history (Harrisburg, Pa. : Online)$w(DLC)   94644504$w(OCoLC)137342706
=780  00$tAmerican history illustrated$x0002-8770$w(DLC)   66009868$w(OCoLC)1479976
=891  00$9853$81$av.$bno.$u6$vr$i(year)$j(month)$wb$x04$ypm02,04,06,08,10,12
=891  41$9863$81.1$a<29>$b<2>$i<1994>
=850  \\$aDLC$aN$aNjP$aWaU
=900  \\$a004153666
=901  2\$aAVE8037
=903  \\$aMHAVE80372HU
=905  \\$aE^^0171
=911  \\$a415.37880..565689.655210.0400.00000
=911  \\$a415.37861..565689.655210.0400.00000
=991  \\$b2022-03-31$cWorldCat record variable field(s) change: 650, 651, 655

