=LDR  00000cam a2200481Ma 4500
=001  990041833610203941
=008  041209s1974\\\\ir\af\\\\b\\\\001\0dper\d
=035  \\$a(OCoLC)57458092
=040  \\$aMH$beng$cSTF$dOCLCQ$dOCLCG$dHLS$dOCLCF$dOCLCO$dOCLCQ$dOCLCA$dOCL$dOCLCO
=041  0\$aper$beng$bfre
=043  \\$aa-ir---
=050  \4$aB753.R38
=100  1\$6880-01$aMuḥaqqiq, Mahdī.
=880  1\$6100-01//r$aمحقق، مهدى.
=245  10$6880-02$aFaylasūf-i Rayy, Muḥammad ibn Zakariyā-yi Rāzī /$ctaʼlīf-i Mahdī Muḥaqqiq.
=880  10$6245-02//r$aفيلسوف رى، محمد بن زكرياى رازى /$cتاليف مهدى محقق.
=246  3\$aFaylasūf-i Rayy
=246  15$aFilsuf-i-Rayy
=260  \\$6880-03$aTihrān :$bDānishgāh-i Makgīl,$c1352 [1974]
=880  \\$6260-03//r$aتهران :$bدانشگاه مكگيل،$c١٣٥٢ [1974]
=300  \\$a24, 11, 463, 35, 7 pages [2] leaves of plates :$billustrations ;$c24 cm.
=336  \\$atext$btxt$2rdacontent
=337  \\$aunmediated$bn$2rdamedia
=338  \\$avolume$bnc$2rdacarrier
=490  1\$aSilsilah-ʼi dānish-i Īrānī ;$v14
=500  \\$aIn Persian; pref. and introd. also in English and review in French.
=504  \\$aIncludes bibliographical references and indexes.
=600  10$aRāzī, Abū Bakr Muḥammad ibn Zakarīyā,$d865?-925?
=650  \0$aMuslim philosophers$zIran$vBiography.
=600  17$aRāzī, Abū Bakr Muḥammad ibn Zakarīyā,$d865?-925?$2fast$0(OCoLC)fst00062301
=650  \7$aMuslim philosophers$2fast$0(OCoLC)fst01030966
=651  \7$aIran$2fast$0(OCoLC)fst01204889
=655  \7$aBiographies$2fast$0(OCoLC)fst01919896
=752  \\$aIran$dTehran.
=776  08$iOnline version:$aMuḥaqqiq, Mahdī.$tFaylasūf-i Rayy, Muḥammad ibn Zakariyā-yi Rāzī.$dTihrān : Dānishgāh-i Makgīl, 1352 [1974]$w(OCoLC)654322327
=880  1\$6490-00//r$aسلسلۀ دنش ايرانى ؛$v١٤
=880  \0$6830-00//r$aسلسلۀ دنش ايرانى ؛ ;$v١٤.
=830  \0$aSilsilah-ʼi dānish-i Īrānī ;$v14.
=900  \\$a004183361
=901  5\$aAVI5532
=903  \\$aMHAVI55325HU
=905  \\$aB^^0753

