=LDR  00000nam a2200241 a 4500
=001  990049046260203941
=008  931207s1991\\\\maua\\\\\\\\\\000|0\eng\d
=035  \\$a(OCoLC)43503365
=041  0\$aengrus
=245  00$aSt. Petersburg discussions :$bprinciples of privatization /$csponsored by the Strengthening Democratic Institutions Project, Harvard University, Monitor Company, [and] John F. Kennedy School of Government.
=246  3\$aSaint Petersburg discussions :$bprinciples of privatization
=260  \\$a[Cambridge, Mass.] :$bMonitor Company, Inc.$cc1991
=300  \\$a1 v. (unfoliated) :$bill. ;$c22 x 28 cm.
=500  \\$aCover title.
=546  \\$aIn English and Russian.
=500  \\$a"Company confidential."
=650  \0$aPrivatization.
=710  2\$aJohn F. Kennedy School of Government.$bStrengthening Democratic Institutions Project.
=710  2\$aMonitor Company (Cambridge, Mass.)
=900  \\$a004904626
=901  1\$aAYM3751
=903  \\$aMHAYM37511HU

