=LDR  00000nam a2200349 a 4500
=001  990056200910203941
=008  030528s1995\\\\gw\af\\\\b\\\\000\0\ger\c
=010  \\$a^^95227106//r96
=020  \\$a3892066337
=035  \\$a(MH)005620091HVD01-Aleph
=035  \\$a(OCoLC)33462094
=040  \\$aMdU$cMdU$dDLC
=042  \\$alcnccp
=043  \\$ae-it---
=050  04$aND2757.F5$bL63 1995
=100  1\$aLobbenmeier, Annette,$d1965-
=245  10$aRaum und Unendlichkeit :$bdie Perspektive als Bedeutungsträger in Florentiner Bildprogrammen des Quattrocento /$cAnnette Lobbenmeier.
=260  \\$aEssen :$bBlaue Eule,$cc1995.
=300  \\$a252 p., [17] p. of plates :$bill. ;$c22 cm.
=490  1\$aKunst, Geschichte und Theorie ;$vBd. 21
=500  \\$aOriginally presented as the author's thesis (Ruhr-Universität Bochum, 1994).
=650  \0$aMural painting and decoration, Renaissance$zItaly$zFlorence.
=650  \0$aMural painting and decoration, Italian$zItaly$zFlorence.
=650  \0$aPerspective
=650  \0$aSpace (Art)
=650  \0$aVisual perception
=830  \0$aKunst, Geschichte und Theorie ;$vBd. 21.
=900  \\$a005620091
=901  4\$aBBT6012
=903  \\$aMHBBT60124HU
=905  \\$aN^^0000

