=LDR  00000nam a2200361 a 4500
=001  990062439810203941
=008  950720s1995\\\\riu\\\\\\\b\\\101\0\eng\\
=010  \\$a^^^95031337^
=035  \\$a(OCoLC)32968951
=040  \\$aDLC$cDLC$dDLC
=043  \\$an-us---
=050  00$aJX4521$b.L44 1995
=082  00$a341.6$220
=245  00$aLegal and moral constraints on low-intensity conflict /$cedited by Alberto R. Coll, James S. Ord and Stephen A. Rose.
=260  \\$aNewport, R.I. :$bNaval War College,$c1995.
=300  \\$axix, 387 p. ;$c24 cm.
=490  1\$aInternational law studies ;$vv. 67
=500  \\$aPapers presented at the Symposium on Low-Intensity Conflict held April 1992 at Naval War College.
=504  \\$aIncludes bibliographical references and index.
=505  0\$aUnconventional warfare, liberal democracies, and international order / Alberto R. Coll -- Low-intensity conflict and the international legal system / John N. Moore -- State sovereignty, international law, and the use of force in countering low-intensity aggression in the modern world / Robert F. Turner -- Low-intensity conflict and state sovereignty: a philosophical analysis / Fernando R. Teson -- Panel discussion: international law and state sovereignty / W. Michael Reisman -- Just war tradition and low-intensity conflict / James Turner Johnson -- Just war doctrine's complementary role in the international law of war / William V. O'Brien -- Panel discussion: morality and the just war tradition / Alberto R, Coll -- Low-intensity conflict in the post-cold war world: the American moral-cultural environment / George Weigel -- American strategic culture in small wars / Carnes Lord -- Panel discussion: domestic U.S. constraints on low-intensity conflict / Bruce A. Harlow -- Roundtable discussion / Alberto R. Coll -- Can American democracy employ covert action as an instrument of statecraft? / Alberto R. Coll and Richard H. Shultz, Jr.
=650  \0$aWar (International law)$vCongresses.
=650  \0$aLow-intensity conflicts (Military science)$xMoral and ethical aspects$vCongresses.
=651  \0$aUnited States$xMilitary policy$vCongresses.
=700  1\$aColl, Alberto R.
=700  1\$aOrd, James S.,$d1953-
=700  1\$aRose, Stephen A.,$d1947-
=711  2\$aSymposium on Low-Intensity Conflict$d(1992 :$cNaval War College)
=830  \0$aInternational law studies$vv. 67.
=900  \\$a006243981
=901  3\$aBEO9884
=903  \\$aMHBEO98843HU
=905  \\$aJX^4521

