=LDR  00000nam a2200229K  4500
=001  990065592510203941
=008  960227s1851\\\\pau\\\\\\\\\\\000\0\eng\d
=035  \\$a(OCoLC)41373140
=040  \\$aHMS$cHMS
=100  1\$aMütter, Thomas D.$q(Thomas Dent),$d1811-1859
=245  10$aCharge to the graduates of Jefferson Medical College, Philadelphia.$bDelivered March 8, 1851. With a list of the graduates.
=260  \\$aPhiladelphia.$bCollins.$c1851.
=300  \\$a28 pp.$c23 cm.
=690  \9$aAddresses$xEssays$xLectures$xPapers, etc.$5med
=690  \9$aEthics$xMedical.$5med
=900  \\$a006559251
=901  9\$aBFW3338
=903  \\$aMHBFW33389HU
=948  \\$aORK2473MDCOUMBox00217$b19960227$c19960228
=948  \\$aORK2473MDCOUMBox00217$b19960228$c19960229
=948  \\$aORK2473MDCOUMBox00217$b19960228$c19960229

