=LDR  00000cam a2200373 a 4500
=001  990070625160203941
=008  951020s1996\\\\nyuaf\\\\\\\\\001\0\eng\\
=010  \\$a^^^95046200^
=020  \\$a0670865842$q(alk. paper)
=020  \\$a9780670865840$q(alk. paper)
=035  \\$a(OCoLC)33403477
=040  \\$aDLC$beng$cDLC$dBAKER$dBTCTA$dYDXCP$dJBO$dTXAPL$dOCLCF$dOCLCQ$dSLR
=050  00$aTX833.5$b.G65 1996
=082  00$a641.5/55$221
=100  1\$aGold, Rozanne,$d1954-
=245  10$aRecipes 1-2-3 :$bfabulous food using only three ingredients /$cRozanne Gold ; [photographs by Tom Eckerle].
=246  3\$aRecipes one-two-three
=260  \\$aNew York, N.Y., U.S.A. :$bViking,$c1996.
=300  \\$axi, 306 pages, 32 unnumbered pages of plates :$bcolor illustrations ;$c21 cm
=336  \\$atext$btxt$2rdacontent
=337  \\$aunmediated$bn$2rdamedia
=338  \\$avolume$bnc$2rdacarrier
=500  \\$aIncludes index.
=520  \\$aPresents more than 250 recipes that contain only three ingredients covering appetizers, soups and pasta, main dishes, side dishes, and desserts.
=505  2\$aFood and wine together. -Calendar of menus. -Party food and appetizers. -First courses. -Soups and pasta. -Main courses. -Vegetables and side dishes. -Desserts and other sweet things.
=650  \0$aQuick and easy cooking
=650  \7$aQuick and easy cooking$2fast
=655  \7$aCookbooks.$2lcgft
=655  \7$aCookbooks$2fast$0(OCoLC)fst01752725
=900  \\$a007062516
=901  5\$aBIB5006
=903  \\$aMHBIB50065HU
=905  \\$aTX^0833

