=LDR  00000cjm a2200637Ia 4500
=001  990074562370203941
=008  970826r19971986nyumun\\\deiz\\\\\\\eng\d
=024  1\$a7559794512
=028  01$a79451-2$bNonesuch
=033  20$a199410--$a199610--
=035  \\$a(OCoLC)37732333
=040  \\$aCUY$cCUY$dSNN$dHLS
=041  0\$dengaraheb$eengaraheb$haraheb$gengfreger$heng
=045  2\$bd1965$bd1995
=100  1\$aReich, Steve,$d1936-
=240  10$aWorks.$kSelections
=245  10$aWorks 1965-1995$h[sound recording] /$cSteve Reich.
=260  \\$aNew York, NY :$bNonesuch,$c1997.
=300  \\$a10 sound discs :$bdigital ;$c4 3/4 in. +$e1 booklet (135 p.)
=500  \\$aVocal works performed in English, Arabic and Hebrew.
=500  \\$aCompact discs.
=500  \\$aNotes by John Adams, Michael Tilson Thomas, Robert Hurwitz, and an interview with Reich by Jonathan Cott, with French and German translations, and vocal texts with English translations (135 p. : ill.) included.
=505  0\$aDisc 1. Come out (12:48) -- Piano phase (20:27) -- It's gonna rain (17:47) -- Four organs (15:53). -- Disc 2. Drumming (56:43) -- Disc 3. Music for mallet instruments, voices and organ (16:50) -- Clapping music (4:45) -- Six marimbas [originally for six pianos] (16:19). -- Disc 4. Music for 18 musicians (67:42). -- Disc 5. Eight lines (17;29) -- Tehillim (30:29). -- Disc 6. The desert music. (48:04). -- Disc 7. New York counterpoint (11:19) -- Sextet (26:14) -- The four sections (26:03). -- Disc 8. Different trains (26:51) -- Electric counterpoint (14:43) -- Three movements (14:46). -- Disc 9. Excerpts from the cave (71:54). -- Disc 10. Proverb (14:04) -- Nagoya marimbas (4:31) -- City life (23:13).
=511  0\$aSteve Reich and Musicians ; The Steve Reich Ensemble ; other performers and performing groups.
=511  0\$aSteve Reich and Musicians ; The Steve Reich Ensemble ; other performers and performing groups.
=518  \\$aRecorded between Oct. 1984 and Oct. 1996; mostly previously released by Nonesuch Records, in part as analog discs.
=650  \0$aMusic
=700  12$aReich, Steve,$d1936-$tDifferent trains.
=700  12$aReich, Steve,$d1936-$tSextet,$mpianos (2), percussion.
=700  12$aReich, Steve,$d1936-$tNew York counterpoint.
=700  12$aReich, Steve,$d1936-$tDesert music.
=700  12$aReich, Steve,$d1936-$tTehillim.
=700  12$aReich, Steve,$d1936-$tOctet,$mpianos (2), woodwinds, strings;$oarranged.
=700  12$aReich, Steve,$d1936-$tMusic,$mwomen's solo voices, organ, percussion.
=700  12$aReich, Steve,$d1936-$tDrumming.
=700  12$aReich, Steve,$d1936-$tCome out.
=700  12$aReich, Steve,$d1936-$tPiano phase.
=700  12$aReich, Steve,$d1936-$tIt's gonna rain.
=700  12$aReich, Steve,$d1936-$tFour organs.
=700  12$aReich, Steve,$d1936-$tClapping music.
=700  12$aReich, Steve,$d1936-$tSix pianos;$oarranged.
=700  12$aReich, Steve,$d1936-.$tMusic for 18 musicians.
=700  12$aReich, Steve,$d1936-$tFour sections.
=700  12$aReich, Steve,$d1936-$tElectric counterpoint.
=700  12$aReich, Steve,$d1936-$tMovements,$morchestra.
=700  12$aReich, Steve,$d1936-$tCave.$kSelections
=700  12$aReich, Steve,$d1936-$tProverb
=700  12$aReich, Steve,$d1936-$tNagoya marimbas
=700  12$aReich, Steve,$d1936-$tCity life
=710  2\$aSteve Reich and Musicians.$4prf
=710  2\$aSteve Reich Ensemble.$4prf
=900  \\$a007456237
=901  3\$aBJY3840
=903  \\$aMHBJY38403HU
=905  \\$aM^^0000

