=LDR  00000ccm a2200469 a 4500
=001  990074898270203941
=008  980113s1996\\\\gw\coc\\\\\\\\\n\\\\zxx\d
=010  \\$a^^^97754205^
=024  2\$aM003027913
=024  3\$a9790003027913
=024  2\$aM00327913
=028  22$aH.S. 1938$bH. Sikorski
=028  30$a1938$bH. Sikorski
=035  \\$a(OCoLC)35131535
=040  \\$aZJS$beng$cDLC$dZJS$dHMU$dAU@$dMTG$dLS1$dOCLCQ$dOCLCO$dOCLCA$dOCLCF$dOCLCQ
=042  \\$alccopycat
=045  0\$bd1985
=048  \\$aka01$bsb01
=050  00$aM1015$b.S37 1996
=082  04$a785.6/72/04
=100  1\$aSchnittke, Alfred,$d1934-1998
=240  10$aConcertos,$mviola, orchestra;$oarranged
=245  00$aKonzert für Viola und Orchester =$bConcerto for viola and orchestra /$cAlfred Schnittke ; Klavierauszug [von Kevin] Dvorak.
=260  \\$aHamburg :$bH. Sikorski,$c©1996.
=300  \\$a1 score (32 pages) + 1 part (15 pages) :$bfacsimile ;$c32 cm.
=306  \\$a003500
=336  \\$anotated music$bntm$2rdacontent
=337  \\$aunmediated$bn$2rdamedia
=338  \\$avolume$bnc$2rdacarrier
=490  1\$aExempla nova ;$v238
=500  \\$aAcc. arr. for piano.
=500  \\$aDuration: ca. 35:00.
=500  \\$aPublisher's no.: Edition Sikorski 1938.
=650  \0$aConcertos (Viola)$vSolo with piano.
=650  \7$aConcertos (Viola)$xSolo with piano.$2fast
=700  1\$aDvorak, Kevin
=830  \0$aExempla nova ;$v238.
=900  \\$a007489827
=901  6\$aBKC6249
=903  \\$aMHBKC62496HU
=905  \\$aM^^0000

