=LDR  00000cjm a2201069Ii 4500
=001  990075026770203941
=008  970304p19971995nyumunn\\dei\\\\\\n\eng\d
=010  \\$a^^2003567060
=024  1\$a074646231128
=028  02$aSK 62311$bSony Classical
=033  20$a19951012$a19951204$b5754$cL7
=033  00$a19960824$b6494$cS2
=033  10$a19960827$a19960828$b6954$cS7
=035  \\$a(OCoLC)36482939
=040  \\$aWAU$beng$erda$cWAU$dIXA$dORU$dIUL$dDLC$dOCLCQ$dCPL$dMTG$dBCO$dWIQ$dOCLCA$dOCLCQ$dOCLCO$dOCLCA$dOCLCF$dHMU
=041  0\$deng$dund$dger$dhun$eeng$eger$ehun$neng$nger$nhun$geng
=043  \\$ae-hu---
=045  2\$bd1946$bd1993
=047  \\$amd$asg$afm
=048  \\$avg02$avd01$ave02$avf01
=048  \\$bva01$aoz
=048  \\$bva01$bvc01$bve01$awa01$aba01$apn01$akc01$aka01$asc01$asd01
=048  \\$ava01$aka01
=048  \\$bva02$bvb01$aka01
=050  \4$aML128.M2$bV62 1997
=050  00$aSDA 59978
=082  04$a782$220
=100  1\$aLigeti, György,$d1923-2006.$ecomposer.
=240  10$aVocal music.$kSelections
=245  00$aVocal works /$cGyörgy Ligeti.
=264  \1$aNew York :$bSony Classical,$c[1997]
=264  \4$c℗1997
=300  \\$a1 audio disc (69 min.) ;$c4 3/4 in.
=306  \\$a001400$a000749$a001120$a001100$a000312$a000600$a001100$a000600
=336  \\$aperformed music$bprm$2rdacontent
=337  \\$aaudio$bs$2rdamedia
=338  \\$aaudio disc$bsd$2rdacarrier
=344  \\$adigital$boptical$c1.4 m/s$gstereo$2rda
=347  \\$aaudio file$bCD audio$2rda
=490  1\$aGyörgy Ligeti edition ;$v4
=546  \\$aSung in English (1st work), nonsense phonetic text (2nd-4th works), German (5th work), and Hungarian (6th-8th works).
=500  \\$aTitle from disc.
=511  0\$aSibylle Ehlert (2nd work), Phyllis Bryn-Julson (3rd-4th works), Christiane Oelze (5th work), Rosemary Hardy (6th-8th works), Eva Wedin (8th work), sopranos; Malena Ernman, mezzo-soprano (8th work); Rose Taylor (3rd-4th works), alto; Omar Ebrahim, baritone (3rd-4th works); King's Singers (1st work); Irina Kataeva (5th work), Pierre-Laurent Aimard (6th-8th works), piano; members of the Philharmonia Orchestra, Esa-Pekka Salonen, conductor (2nd-4th works).
=500  \\$aEditions recorded: Peters (3rd-4th works); Schott (remainder).
=518  \\$oRecorded$d1995 October 12-15$pat Whitfield Street Studios, London (1st work).
=518  \\$oRecorded$d1995 December 2-4$pAir Studios, Lyndhurst Hall, Hampstead (2nd-4th works).
=518  \\$oRecorded$d1996 August 24$pat ORF Studio 3, Salzburg (5th work).
=518  \\$oRecorded$d1996 August 27-28$pSwedish Radio Studio 2, Stockholm (6th-8th works).
=500  \\$aCompact disc.
=500  \\$aProgram notes by Ligeti and texts with English translations (32 pages : portraits) inserted in container.
=505  00$tNonsense madrigals$g(14:00) --$tMysteries of the macabre /$rarranged for coloratura soprano and ensemble by Elgar Howarth (1991) from the opera Le grand macabre$g(7:49) --$tAventures$g(11:20) --$tNouvelles aventures$g(11:00) --$tDer Sommer$g(3:12) --$tHárom Weöres-dal$g(6:00) --$tÖt Arany-dal$g(11:00) --$tNégy lakodalmi tánc : adaptations of Hungarian folksongs$g(6:00).
=650  \0$aMadrigals, English.
=650  \0$aVocal sextets, Unaccompanied.
=650  \0$aVocalises (High voice) with instrumental ensemble.
=650  \0$aVocal trios with instrumental ensemble.
=650  \0$aSongs (High voice) with piano.
=650  \0$aVocal trios with piano.
=650  \0$aFolk songs, Hungarian$zHungary.
=650  \7$aFolk songs, Hungarian.$2fast
=650  \7$aMadrigals, English.$2fast
=650  \7$aSongs (High voice) with piano.$2fast
=650  \7$aVocal sextets, Unaccompanied.$2fast
=650  \7$aVocal trios with instrumental ensemble.$2fast
=650  \7$aVocal trios with piano.$2fast
=650  \7$aVocalises (High voice) with instrumental ensemble.$2fast
=651  \7$aHungary$2fast
=700  1\$aEhlert, Sibylle.$esinger.
=700  1\$aBryn-Julson, Phyllis$esinger.
=700  1\$aOelze, Christiane$esinger.
=700  1\$aHardy, Rosemary.$esinger.
=700  1\$aWedin, Eva.$esinger.
=700  1\$aErnman, Malena$esinger.
=700  1\$aTaylor, Rose.$esinger.
=700  1\$aEbrahim, Omar.$esinger.
=700  1\$aKataeva, Irina.$einstrumentalist.
=700  1\$aAimard, Pierre-Laurent,$d1957-$einstrumentalist.
=700  1\$aSalonen, Esa-Pekka,$d1958-$econductor.
=700  12$iContainer of (work):$aLigeti, György,$d1923-2006.$tNonsense madrigals
=700  12$iContainer of (expression):$aLigeti, György,$d1923-2006.$tMysteries of the macabre;$oarranged.
=700  12$iContainer of (work):$aLigeti, György,$d1923-2006.$tAventures.
=700  12$iContainer of (work):$aLigeti, György,$d1923-2006.$tNouvelles aventures.
=700  12$iContainer of (work):$aLigeti, György,$d1923-2006.$tSommer
=700  12$iContainer of (work):$aLigeti, György,$d1923-2006.$tWeöres-dalok
=700  12$iContainer of (work):$aLigeti, György,$d1923-2006.$tArany-dalok
=700  12$iContainer of (work):$aLigeti, György,$d1923-2006.$tLakodalmi táncok.
=710  2\$aKing's Singers (Vocal group),$eperformer.
=710  2\$aPhilharmonia Orchestra (London, England),$eperformer.
=800  1\$aLigeti, György,$d1923-2006.$tWorks.$kSelections (Sony Classical) ;$v4.
=900  \\$a007502677
=901  5\$aBKE9782
=903  \\$aMHBKE97825HU

