=LDR  00000cam a2200277Ia 4500
=001  990075312230203941
=008  970519s1997\\\\it\\\\\\\b\\\\000\0\ita\d
=020  \\$a8842051837
=035  \\$a(MH)007531223HVD01-Aleph
=035  \\$a(OCoLC)36958524
=040  \\$aC3L$cC3L$dOCLCQ$dHLS
=045  \\$ax4x-
=050  \4$aHX806$b.L86 1997
=090  \\$aHX806$b.L86 1997
=100  1\$aLunati, Giancarlo.
=245  10$aDall'utopia alla progettualità /$cGiancarlo Lunati.
=260  \\$aRoma :$bLaterza,$c1997.
=300  \\$a160 p. ;$c19 cm.
=490  1\$aSaggi tascabili Laterza ;$v206
=504  \\$aIncludes bibliographical references.
=650  \0$aUtopias
=830  \0$aSaggi tascabili Laterza;$v206.
=900  \\$a007531223
=901  0\$aBKJ3171
=903  \\$aMHBKJ31710HU

