=LDR  00000nam a2200289Ia 4500
=001  990075737130203941
=008  040923s1997\\\\ne\a\\\\\b\\\\000\0\dut\d
=020  \\$a9055730238
=035  \\$a(OCoLC)56563148
=040  \\$aTEF$cTEF$dHLS
=050  \4$aBF175.5.Q83$bR39 1997
=090  \\$aBF175.5.Q83$bR39 1997
=100  1\$aRazenberg, Kees.
=245  14$aHet principe van de quaterniteit als algemeen denkraam :$bgebaseerd op ideeën van C.G. Jung /$cKees Razenberg en Antal van den Bosch.
=260  \\$aBest :$bDamon,$cc1997.
=300  \\$aviii, 70 p. :$bill. ;$c23 cm.
=500  \\$a"Voor onze (groot)ouders."
=504  \\$aIncludes bibliographical references (p. 59-60).
=650  \0$aQuaternities.
=650  \0$aThought and thinking
=650  \0$aJungian psychology.
=700  1\$aBosch, Antal van den.
=900  \\$a007573713
=901  6\$aBKO3404
=903  \\$aMHBKO34046HU
=905  \\$aBF^0000

