=LDR  00000pam a2200337 a 4500
=001  990076524560203941
=008  961202s1997\\\\nyua\\\\\b\\\\001\0\eng\\
=010  \\$a^^^96051917^
=020  \\$a0394587588
=035  \\$a(OCoLC)36103678
=040  \\$aDLC$cDLC$dDLC
=043  \\$aa-cc---$an-us---
=050  00$aTX724.5.C5$bH586 1997
=082  00$a641.5951$221
=100  1\$aHom, Ken.
=245  10$aEasy family recipes from a Chinese-American childhood /$cby Ken Hom ; with illustrations by Emily Lisker.
=250  \\$a1st ed.
=260  \\$aNew York :$bAlfred A. Knopf :$bDistributed by Random House, Inc.,$c1997.
=300  \\$aix, 319 p. :$bill. ;$c25 cm.
=490  1\$aKnopf cooks American
=504  \\$aIncludes bibliographical references (p. 299-303) and index.
=650  \0$aCooking, Chinese
=650  \0$aCooking, American
=655  \7$aCookbooks.$2lcgft
=655  \7$aAuthors' autographs (Provenance)$2rbprov$5sch
=830  \0$aKnopf cooks American.
=900  \\$a007652456
=901  6\$aBKZ0294
=903  \\$aMHBKZ02946HU
=905  \\$aTX^0724

