=LDR  00000cam a2200325Ia 4500
=001  990076669970203941
=008  970130s1996\\\\it\\\\\\\b\\\\000\0\ita\d
=020  \\$a8872844746
=035  \\$a(MH)007666997HVD01-Aleph
=035  \\$a(OCoLC)36308473
=040  \\$aC3L$cC3L$dOCLCQ$dHLS
=045  \\$ax4x-
=050  \4$aHB87$b.M37 1996
=090  \\$aHB87$b.M37 1996
=100  1\$aMartino, Antonio
=245  10$aEconomia e libertà /$cAntonio Martino ; a cura di Dario Antiseri e Giuseppina Gianfreda.
=260  \\$aSoveria Mannelli :$bRubbettino,$c1996.
=300  \\$a242 p. ;$c22 cm.
=490  1\$aLa politica, metodi, storie, teorie ;$v7
=500  \\$aCollection of already publ. writings.
=504  \\$aIncludes bibliographical references.
=650  \0$aEconomic policy
=650  \0$aLiberty
=700  1\$aAntiseri, Dario.
=700  1\$aGianfreda, Giuseppina.
=830  \0$aPolitica (Soveria Mannelli, Italy) ;$v7.
=900  \\$a007666997
=901  8\$aBLB3678
=903  \\$aMHBLB36788HU

