=LDR  00000pam a2200277 a 4500
=001  990076742120203941
=008  970528s1998\\\\nyu\\\\\\\\\\\001\0\eng\\
=010  \\$a^^^97017682^
=020  \\$a0688149618
=035  \\$a(OCoLC)37004414
=040  \\$aDLC$cDLC$dDLC
=050  00$aTX656$b.B77 1998
=082  00$a683/.82$221
=100  1\$aBrody, Lora,$d1945-
=245  10$aLora Brody plugged in /$cLora Brody.
=250  \\$a1st ed.
=260  \\$aNew York :$bMorrow and Co.,$cc1998.
=300  \\$ax, 388 p. ;$c24 cm.
=500  \\$aIncludes index.
=650  \0$aKitchen utensils
=650  \0$aHousehold appliances, Electric
=900  \\$a007674212
=901  9\$aBLC1951
=903  \\$aMHBLC19519HU
=905  \\$aTX^0656

