=LDR  00000cam a2200301Ia 4500
=001  990077451600203941
=008  970910s1996\\\\it\\\\\\\b\\\\001\0\ita\d
=020  \\$a8842048518
=035  \\$a(MH)007745160HVD01-Aleph
=035  \\$a(OCoLC)37643434
=040  \\$aC3L$cC3L$dOCLCQ$dHLS
=045  \\$ax4x-
=050  \4$aHM621$b.C74 1996
=090  \\$aHM621$b.C74 1996
=100  1\$aCrespi, Franco.
=245  10$aManuale di sociologia della cultura /$cFranco Crespi.
=250  \\$a3. ed.
=260  \\$aRoma :$bLaterza,$c1996$g(1997 printing).
=300  \\$aviii, 312 p. ;$c21 cm.
=490  1\$aManuali Laterza ;$v69
=504  \\$aIncludes bibliographical references (p. 271-296) and indexes.
=650  \0$aCulture
=650  \0$aSociology
=830  \0$aManuali Laterza ;$v69.
=900  \\$a007745160
=901  5\$aBLN1085
=903  \\$aMHBLN10855HU

