=LDR  00000cam a2200505 a 4500
=001  990077684190203941
=008  970917s1998\\\\nyu\\\\\\\\\\\001\0\eng\\
=010  \\$a^^^97041561^
=020  \\$a0375751114$q(acid-free paper)
=020  \\$a9780375751110$q(acid-free paper)
=035  \\$a(OCoLC)37666442$z(OCoLC)968168643$z(OCoLC)1039586756$z(OCoLC)1099137345
=040  \\$aDLC$beng$cDLC$dBAKER$dBTCTA$dYDXCP$dOKN$dTXGIL$dOCLCO$dOCLCA$dOCLCF$dOCLCQ$dTXNCL$dHPWJL$dOCLCQ$dALRPT$dOCLCO$dOCLCQ$dOCLCO
=043  \\$an-usu--$an-us-ga
=050  00$aTX715.2.S68$bD44 1998
=082  00$a641.5975$221
=100  1\$aDeen, Paula H.,$d1947-
=245  14$aThe Lady & Sons Savannah country cookbook /$cPaula H. Deen ; introduction by John Berendt.
=246  3\$aLady and Sons Savannah country cookbook
=250  \\$a1st Random House, Inc., ed.
=260  \\$aNew York :$bRandom House,$c©1998.
=300  \\$axvi, 172 pages ;$c23 cm
=336  \\$atext$btxt$2rdacontent
=337  \\$aunmediated$bn$2rdamedia
=338  \\$avolume$bnc$2rdacarrier
=500  \\$a"Privately published in different form in 1997 as Favorite recipes of the Lady & her friends"--Title page verso.
=500  \\$aIncludes index.
=520  \\$aA collection of traditional Southern family fare is presented by the owners of The Lady & Sons restaurant of Savannah.
=610  20$aLady & Sons (Restaurant)
=650  \0$aCooking, American$xSouthern style
=650  \0$aCooking$zGeorgia$zSavannah.
=610  27$aLady & Sons (Restaurant)$2fast$0(OCoLC)fst00731368
=650  \7$aCooking$2fast$0(OCoLC)fst01754966
=650  \7$aCooking, American$xSouthern style$2fast$0(OCoLC)fst01753233
=651  \7$aGeorgia$zSavannah$2fast$0(OCoLC)fst01207319
=655  \7$aCookbooks$2lcgft
=655  \7$aCookbooks$2fast$0(OCoLC)fst01752725
=700  1\$aDeen, Paula H.,$d1947-$tFavorite recipes of the Lady & her friends
=700  1\$aChild, Julia$eformer owner.$5sch
=776  08$iOnline version:$aDeen, Paula H., 1947-$tLady & Sons Savannah country cookbook.$b1st Random House, Inc., ed.$dNew York : Random House, ©1998$w(OCoLC)988944931
=900  \\$a007768419
=901  6\$aBLQ2733
=903  \\$aMHBLQ27336HU
=905  \\$aTX^0715
=991  \\$b2022-01-13$cWorldCat record variable field(s) change: 655

