=LDR  00000nam a2200289Ia 4500
=001  990079155580203941
=008  040218s1998\\\\gw\a\\\\\b\\\\000\0ager\d
=020  \\$a3828005039
=035  \\$a(OCoLC)54442654
=040  \\$aHLS$cHLS
=043  \\$ae-gx---
=090  \\$aRC388$b.U33 1998
=100  1\$aUebelacker, Franz.
=245  10$aIch lasse mich durch wilde Fantasien tragen :$bSelbstporträt eines autistischen Spastikers /$cFranz Uebelacker.
=250  \\$aOriginalausg., 1. Aufl.
=260  \\$aBerlin :$bFrieling,$c1998.
=300  \\$a144 p. :$bill. ;$c19 cm. =
=504  \\$aIncludes bibliographical references (p. 141-144).
=600  10$aUebelacker, Franz.
=650  \0$aCerebral palsied$zGermany$vBiography.
=650  \0$aPeople with disabilities$zGermany$vBiography.
=650  \0$aAutism
=900  \\$a007915558
=901  8\$aBMJ2117
=903  \\$aMHBMJ21178HU
=905  \\$aR^^0000

