=LDR  00000pam a2200325 a 4500
=001  990079301360203941
=008  980615s1998\\\\maua\\\\\\\\\\001\0\eng\\
=010  \\$a^^^98028214^
=020  \\$a0395892538
=035  \\$a(OCoLC)39391107
=040  \\$aDLC$cDLC$dYDX$dSLR
=043  \\$aa-cb---$an-us-ma
=050  00$aTX724.5.C16$bD4 1998
=082  00$a641.59596$221
=100  1\$aDe Monteiro, Longteine.
=245  14$aThe Elephant Walk cookbook :$bCambodian cuisine from the nationally acclaimed restaurant /$cLongteine De Monteiro and Katherine Neustadt ; food photography by Alan Richardson ; ingredient photographs by Alan Richardson and Antonis Achilleos ; travel photographs by Katherine Neustadt and Bob Perry ; illustrations by Alan Witschonke.
=260  \\$aBoston :$bHoughton Mifflin,$c1998.
=300  \\$a324 p. :$bill. (some col.) ;$c27 cm.
=500  \\$aIncludes index.
=505  0\$aThe Rich History Of Cambodian Cuisine -- Shopping For Cambodian Ingredients -- Notes on Serving -- Appetizers And Snacks -- Soups -- Beef -- Port -- Fish and Shellfish -- Fowl -- Rice And Noodles -- Salads -- Pickles And Relishes -- Desserts.
=520  \\$aPresents the traditional cooking of Cambodia for the American table, including 150 recipes--Cover.
=610  20$aElephant Walk (Restaurant)
=650  \0$aCooking, Cambodian.
=655  \7$aCookbooks.$2lcgft
=700  1\$aNeustadt, Katherine.
=900  \\$a007930136
=901  2\$aBML2114
=903  \\$aMHBML21142HU
=905  \\$aTX^0724

