=LDR  00000pam a2200361 a 4500
=001  990079511850203941
=008  980727s1998\\\\gau\\\\\\b\\\\000\0\eng\\
=010  \\$a^^^98038441^
=020  \\$a0788504959 (cloth : alk. paper)
=035  \\$a(OCoLC)39654801
=040  \\$aDLC$cDLC$dDLC
=050  00$aBM520.5$b.N48 1998
=050  \4$aKBM520.52$b.N48 1998
=082  00$a296.1/8$221
=100  1\$aNeusner, Jacob,$d1932-2016.
=245  10$aJewish law from Moses to the Mishnah :$bthe Hiram College lectures on religion for 1999 and other papers /$cby Jacob Neusner.
=260  \\$aAtlanta, Ga. :$bScholars Press,$cc1998.
=300  \\$axiii, 186 p. ;$c24 cm.
=490  1\$aSouth Florida studies in the history of Judaism ;$v187
=504  \\$aIncludes bibliographical references.
=650  \0$aJewish law$xHistory
=650  \0$aJudaism$xHistory$yPost-exilic period, 586 B.C.-210 A.D.
=650  \0$aRabbinical literature$xHistory and criticism.
=650  \0$aJudaism$xHistory$vBook reviews.
=655  \7$aBook reviews.$2fast
=655  \7$aCriticism, interpretation, etc.$2fast
=655  \7$aHistory.$2fast
=830  \0$aSouth Florida studies in the history of Judaism ;$v187.
=900  \\$a007951185
=901  3\$aBMN9157
=903  \\$aMHBMN91573HU
=905  \\$aBM^0520

