=LDR  00000nam a2200361 i 4500
=001  990080527950203941
=008  940504s1986\\\\ku\a\\\\\b\\\\000|0\ara\d
=035  \\$a(OCoLC)43061190
=040  \\$beng$erda
=043  \\$ama-----
=100  1\$6880-01$aṬāhir, Ḥusayn Muḥammad ʻAlī.,$eauthor
=880  1\$6100-01/(3/r$aطاهر، حسين محمد علي.
=245  13$6880-02$aal-Irshād al-nafsī wa-al-tarbawī :$bbayna al-aṣālah wa-al-tajdīd /$ctaʼlīf Ḥusayn Muḥammad ʻAlī Ṭāhir, Yaḥyá al-Dīn Yūsuf al-Jaradī ; rājaʻahu wa-qaddama la-h Rajāʼ Maḥmūd Abū ʻAllām.
=880  12$6245-02/(3/r$aالإرشاد النفسي والتربوي :$bبين الأصالة والتجديد /$cتأليف حسين محمد علي طاهر، يحيى الدين يوسف الجردي ؛ راجعه وقدم له رجاء محمود أبو علام.
=264  \1$6880-03$a[Kuwait] :$bMaṭābiʻ al-Khaṭṭ,$c1986.
=880  \1$6264-03/(3/r$a[Kuwait] :$bمطابع الخط،$c1986.
=300  \\$a176 pages :$billustrations (some color) ;$c23 cm.
=336  \\$atext$btxt$2rdacontent
=337  \\$aunmediated$bn$2rdamedia
=338  \\$avolume$bnc$2rdacarrier
=504  \\$aIncludes bibliographical references (pages 172-176).
=650  \0$aCounseling
=650  \0$aEducational counseling$zArab countries.
=650  \0$aEducational counseling
=752  \\$aKuwait.
=700  1\$6880-05$aAbū ʻAllām, Rajāʼ Maḥmūd.
=880  1\$6700-05/(3/r$aأبو علام، رجاء محمود.
=700  1\$6880-06$aJaradī, Yaḥyá al-Dīn Yūsuf.
=880  1\$6700-06/(3/r$aجردي، يحيى الدين يوسف.
=900  \\$a008052795
=901  3\$aBNB2502
=903  \\$aMHBNB25023HU

