=LDR  00000nam a22003138a 4500
=001  990080851920203941
=008  990519s1999\\\\enk\\\\\\\\\\\000|0\eng\d
=015  \\$aGB99-Y9497
=020  \\$a1859862756
=035  \\$a(OCoLC)42729760
=040  \\$aUKM$cUKM
=043  \\$ae-uk---
=050  00$aDA1$b.E52 1999
=082  \0$a941.003$221
=245  04$aThe encyclopedia of Britain.
=246  3\$aHutchinson encyclopedia of Britain
=246  3\$aHutchinson the encyclopedia of Britain
=260  \\$aOxford :$bHelicon,$c1999.
=300  \\$a1015 p. :$bill., maps ;$c25 cm.
=500  \\$aAt head of title: Hutchinson.
=520  \\$a"From early settlements in Orkney to people making their mark in Britain today - this brand new encyclopedia covers all aspects of British life and culture. 6,000 entries about people, places, institutions, events, and customs; chronologies and tables that make fact-checking easy; special feature articles that give a more rounded, personal view of Britain's history and culture; 200 quotations; hundreds of photographs and maps; plus a special section on people - TV personalities, contemporary writers, actors, and sportsmen and women; and an extensive list of selected Web sites that relate to the encyclopedia's entries."--[book jacket].
=651  \0$aGreat Britain$vEncyclopedias.
=651  \0$aGreat Britain$vDictionaries.
=655  \7$aDictionaries$2fast
=776  08$iOnline version:$tEncyclopedia of Britain.$dOxford : Helicon ; Farmington Hills, Mich. : Gale Group, ©1999$w(OCoLC)657310200
=900  \\$a008085192
=901  0\$aBNF2808
=903  \\$aMHBNF28080HU

