=LDR  00000nam a2200361Ia 4500
=001  990081505510203941
=008  040420s1997\\\\gw\a\\\\\\\\\\000\0\ger\d
=020  \\$a3931190056
=035  \\$a(OCoLC)54981585
=040  \\$aHLS$cHLS
=050  \4$aHV7936.E7$bW34 1997
=090  \\$aHV7936.E7$bW34 1997
=245  00$aWaffen der Spezialeinheiten :$bdas grosse Sonderheft über Entwicklung, Ausrüstung und Waffen der Sonderverbände bei Militär und Polizei in aller Welt /$c[Chefredakteur, David Th. Schiller ; Textredaktion Birgit Hlawatsch ; Redaktion Ulrich Eichstädt ... [et al.].
=260  \\$aSinghofen :$bP. Parey,$c1997.
=300  \\$a116 p. :$bill. (chiefly col.) ;$c28 cm.
=490  1\$aVisier. Special,$x0948-0528 ;$v6
=500  \\$aCover title.
=500  \\$a"Das internationale Waffen-Magazin."
=650  \0$aPolice$xEquipment and supplies
=650  \0$aPolice$xSpecial weapons and tactics units$xEquipment and supplies.
=650  \0$aSpecial forces (Military science)$xEquipment and supplies.
=650  \0$aWeapons.
=650  \0$aFirearms
=700  1\$aSchiller, David Th.,$d1952-
=700  1\$aHlawatsch, Birgit.
=700  1\$aEichstädt, Ulrich.
=700  1\$aSchiller, David Th.
=830  \0$aVisier.$pSpecial ;$v6.$x0948-0528
=900  \\$a008150551
=901  0\$aBNO3988
=903  \\$aMHBNO39880HU
=905  \\$aU^^0000

