=LDR  00000pam a22004094a 4500
=001  990082206720203941
=008  990629s1999\\\\nyua\\\\\i\\\\001\0\eng\\
=010  \\$a^^^99026665^
=020  \\$a068486343X
=035  \\$a(OCoLC)41674223$z(OCoLC)1029954012
=040  \\$aDLC$cDLC$dDLC
=042  \\$apcc
=043  \\$ae-fr---$an-us-ny
=050  00$aTX719$b.B724 1999
=082  00$a641.5944$221
=100  1\$aBoulud, Daniel
=240  10$aCafé Boulud cookbook
=245  10$aDaniel Boulud's Café Boulud cookbook :$bFrench-American recipes for the home cook /$cDaniel Boulud and Dorie Greenspan ; foreword by Martha Stewart ; color photographs by Gentl & Hyers.
=246  30$aCafé Boulud cookbook
=246  30$aCafé Boulud cookbook
=260  \\$aNew York, NY :$bScribner,$cc1999.
=300  \\$a400 p. :$bill. (some col.) ;$c24 cm.
=500  \\$aIncludes index.
=520  \\$aA collection of recipes from Daniel Boulud, the chef at Café Boulud in New York City, for a variety of French-American dishes, with explanation of basic and advanced cooking techniques.
=505  0\$aLa tradition: the traditional dishes of French cooking -- La saison: the seasonal specialties of the market -- Le voyage: dishes fromlands far and near -- Le potager: vegetarian dishes that celebrate the bounty of the garden.
=610  20$aCafé Boulud
=650  \0$aCooking, French
=655  \7$aCookbooks$2lcgft
=655  \7$aAuthors' presentation inscriptions (Provenance)$2rbprov$5sch
=700  1\$aGreenspan, Dorie
=700  1\$aChild, Julia$eformer owner.$5sch
=900  \\$a008220672
=901  6\$aBNX5190
=903  \\$aMHBNX51906HU
=905  \\$aTX^0719
=991  \\$b2022-01-25$cWorldCat record variable field(s) change: 655

