=LDR  00000nam a22002415a 4500
=001  990083055190203941
=008  000216s1996\\\\ku\a\\\\\b\\\\000|0\eng\d
=035  \\$a(OCoLC)38036923
=040  \\$aOSU$cOSU$dOCL
=043  \\$aa-ye---
=090  \\$aHF3764$b.S42 1996
=100  1\$aShamrookh, Nayef Abdullah.
=245  14$aThe Commerce and trade of the Rasulids in the Yemen, 630-858/1231-1454 /$cby Nayef Abdullah al-Shamrookh.
=260  \\$aKuwait :$bN.A. al-Shamrookh,$c1996.
=300  \\$a398 p. :$bill. (some col.) ;$c24 cm.
=502  \\$aThesis (Ph. D.)--University of Manchester, 1993.
=504  \\$aIncludes bibliographical references.
=651  \0$aYemen (Republic)$xCommerce$xHistory.
=900  \\$a008305519
=901  4\$aBOI4987
=903  \\$aMHBOI49874HU
=905  \\$aHF^3764

