=LDR  00000cam a2200433 i 4500
=001  990084051320203941
=008  010328s1997\\\\ja\a\\\\\c\\\s000\0\jpn\c
=035  \\$a(OCoLC)46612780
=040  \\$aMH-HY$beng$erda$cHMY$dTRCLS$dOCLCQ$dOCLCO$dZCU
=042  \\$apcc
=043  \\$aa-ja---
=050  \4$aPL862.A25$bZ838 1997
=130  0\$6880-01$aTachihara Masaaki ten (1997)
=880  0\$6130-01$a立原正秋展 (1997)
=245  10$6880-02$aTachihara Masaaki ten /$chenshū Zaidan Hōjin Kanagawa Bungaku Shinkōkai.
=880  10$6245-02$a立原正秋展 /$c編集財団法人神奈川文学振興会.
=264  \1$6880-03$aYokohama-shi :$bKenritsu Kanagawa Kindai Bungakkan :$bZaidan Hōjin Kanagawa Bungaku Shinkōkai,$c1997.
=880  \1$6264-03$a横浜市 :$b県立神奈川近代文学館 :$b財団法人神奈川文学振興会,$c1997.
=300  \\$a63 pages :$billustrations ;$c26 cm
=336  \\$atext$2rdacontent
=336  \\$astill image$2rdacontent
=337  \\$aunmediated$2rdamedia
=338  \\$avolume$2rdacarrier
=380  \\$aExhibition catalogs$2lcgft
=500  \\$aCatalog of exhibition held at Kanagawa Kindai Bungakkan, April 12-May 18, 1997.
=500  \\$aStatement of responsibility from colophon.
=600  10$6880-04$aTachihara, Masaaki,$d1926-1980$vExhibitions.
=880  14$6600-04$a立原正秋,$d1926-1980$vExhibitions.
=650  \0$aAuthors, Japanese$yShōwa period, 1926-1989$vExhibitions.
=655  \7$aExhibition catalogs.$2lcgft
=710  2\$6880-05$aKanagawa Bungaku Shinkōkai
=880  2\$6710-05$a神奈川文学振興会.
=710  2\$6880-06$aKanagawa Kindai Bungakkan.
=880  2\$6710-06$a神奈川近代文学館.
=880  \\$6500-00$a"略年譜:p60-61"--MH-HY report.
=900  \\$a008405132
=901  8\$aBOU8752
=903  \\$aMHBOU87528HU

