=LDR  00000nam a2200481 a 4500
=001  990084738430203941
=006  m\\\\\\\\d\\\\\\\\
=008  010301s1999\\\\enka\\\\\\\\\\001\0deng\d
=010  \\$a^^2001561038
=020  \\$a0192685783 (single user version)
=020  \\$a0192687654 (institutional network version)
=020  \\$a0192687646 (user handbook)
=035  \\$a(OCoLC)43745396
=040  \\$aEQO$cEQO$dCIN$dDLC
=042  \\$alccopycat
=043  \\$ae-uk---
=050  00$aDA591.T47
=082  10$a941.085$213
=100  1\$aThatcher, Margaret.
=245  10$aMargaret Thatcher$h[computer file] :$bcomplete public statements 1945-1990 /$c[general editor, Christopher Collins].
=246  13$aMargaret Thatcher :$bcomplete public statements 1945-1990 on CD-ROM
=250  \\$aWindows version 1.0.
=256  \\$aText data
=260  \\$aOxford :$bOxford University Press in association with Chesham Place Associates,$c1999.
=300  \\$a1 computer optical disc :$bcol. ;$c4 3/4 in. +$e1 handbook (75 p. : ill. ; 21 cm.) + 1 computer disk (3 1/2 in.)
=500  \\$aTitle from opening screen.
=500  \\$aAccompanied by user handbook, errata slip, and errata disk; issued in box.
=500  \\$aIncludes index (user handbook).
=520  \\$aCollection of more than 7,100 statements made by Margaret Thatcher and includes speeches, broadcasts, press conferences, interviews, and articles.
=538  \\$aSystem requirements: IBM PC (or fully compatible); minimum 80486 processor, 33MHz SX; 16MB RAM (32MB for Windows NT); Windows 3.1 or higher, Windows 95, Windows 98, or Windows NT 3.51 or 4.0 (Single user); Windows NT and Novell compatible (Network version); SVGA monitor set up to display 256 colours; CD-ROM drive (8-speed or better recommended) and MSCDEX 2.1 or higher; Microsoft mouse or compatible; 7MB hard disk space.
=600  10$aThatcher, Margaret.
=651  \0$aGreat Britain$xPolitics and government$y1945-$vSources.
=655  \7$aCD-ROMs.$2local
=655  \7$aReference works.$2fast
=655  \7$aSources.$2fast
=655  \7$aReference works.$2lcgft
=700  1\$aCollins, Christopher.
=900  \\$a008473843
=901  8\$aBPD3893
=903  \\$aMHBPD38938HU
=905  \\$aDA^0591
=998  \\$aNO-OVERLAY

