=LDR  00000cam a22004214a 4500
=001  990084857070203941
=008  000331s2000\\\\nyu\\\\\\b\\\\001\0\eng\\
=010  \\$a   00038015 
=020  \\$a0865475644$q(alk. paper)
=020  \\$a9780865475649$q(alk. paper)
=035  \\$a(OCoLC)43810665$z(OCoLC)1166542707$z(OCoLC)1166545968
=040  \\$aDLC$beng$cDLC$dBAKER$dBTCTA$dYDXCP$dIG#$dTXBAY$dOCLCF$dOCLCO$dOCLCQ$dHUL$dOCLCO$dAAA
=042  \\$apcc
=050  00$aTX725.A1$bT497 2000
=082  00$a641.59$221
=100  1\$aThorne, John,$d1943-
=245  10$aPot on the fire :$bfurther exploits of a renegade cook /$cJohn Thorne, with Matt Lewis Thorne.
=250  \\$a1st ed.
=260  \\$aNew York :$bNorth Point Press,$c2000.
=300  \\$axix, 390 pages ;$c24 cm
=336  \\$atext$btxt$2rdacontent
=337  \\$aunmediated$bn$2rdamedia
=338  \\$avolume$bnc$2rdacarrier
=504  \\$aIncludes bibliographical references (pages 369-377) and index.
=505  0\$aList of recipes. -- Moving to Paradise-by way of a Preface. -- Education of a cook: -- My knife, my pot -- Perfect rice -- Knowing nothing about wine -- Banh Mi and me -- Desperately resisting risotto -- The breakfast chronicles -- Quintessential toast -- How restaurants mean -- Kitchen doings: -- Beans in a flask -- Existential pizza -- Crustaceans & crumbs -- Riso in bianco -- Sticks-to-the-pot -- Pasta and vegetables -- "The best cookies in the world" -- Department of random receipts -- Tales from the old cookstove: -- Pot on the fire -- Potatoes & point -- Cuisine of the crust -- Cioppino in the rough -- Khichri/Kushari/Kedgeree -- Caponata Siciliana -- Cakes on the griddle -- Simple French food -- Last gleaning: -- Last gleaning.
=520  \\$aAs the title suggests, it celebrates - and, in classic Thorne style, ponders, probes and scrutnizes - a lifelong engagement with the elements of cooking, and with elemental cooking from cioppino to kedgeree. Thorne's curiosity ranges far and wide, from nineteenth-century famine-struck Ireland to the Indian of the British Raj, from the Tuscan bean pot to the venerable American griddle.
=650  \0$aInternational cooking.
=650  \0$aCooks.
=650  \7$aCooks.$2fast$0(OCoLC)fst00878051
=650  \7$aInternational cooking.$2fast$0(OCoLC)fst01753876
=655  \0$aCookbooks.
=700  1\$aThorne, Matt Lewis.
=900  \\$a008485707
=901  1\$aBPF0190
=903  \\$aMHBPF01901HU
=905  \\$aTX^0725
=991  \\$b2022-03-31$cWorldCat record variable field(s) change: 505, 655

