=LDR  00000cam a2200313Ia 4500
=001  990085032630203941
=008  010402s2000\\\\gw\\\\\\\b\\\\000\0\ger\d
=016  7\$a958973210$2GyFmDB
=020  \\$a3826574117
=035  \\$a(OCoLC)46669353
=040  \\$aOHX$cOHX$dOCLCQ$dTEF$dHLS
=072  \7$aHN$2lcco
=090  \\$aHV713$b.R53 2000
=100  1\$aRichter, Antje
=245  10$aWie erleben und bewältigen Kinder Armut? :$beine qualitative Studie über die Belastungen aus Unterversorgungslagen und ihre Bewältigung aus subjektiver Sicht von Grundschulkindern einer ländlichen Region /$cAntje Richter.
=260  \\$aAachen :$bShaker,$c2000.
=300  \\$aiii, 225, [38] p. ;$c21 cm.
=490  1\$aBerichte aus der Sozialwissenschaft
=500  \\$aOriginally presented as the author's thesis (doctoral)--Universität Oldenburg, 1999 under title: Unterversorgung von Kindern in einer ländlichen Region.
=504  \\$aIncludes bibliographical references (p. 209-223).
=650  \0$aPoor children$xSocial conditions.
=650  \0$aPoverty
=700  1\$aRichter, Antje.$tUnterversorgung von Kindern in einer ländlichen Region.
=830  \0$aBerichte aus der Sozialwissenschaft.
=900  \\$a008503263
=901  3\$aBPG9773
=903  \\$aMHBPG97733HU
=905  \\$aH^^0000

