=LDR  00000cam a22003494a 4500
=001  990085182150203941
=008  001017s2000\\\\nyua\\\\\\\\\\001\0\eng\c
=020  \\$a0743202090
=035  \\$a(OCoLC)45182621
=040  \\$aCLE$cCLE$dNBT$dSLR
=042  \\$apcc
=050  \4$aTX837$b.R79 2000
=100  1\$aRombauer, Irma S.,$d1877-1962.
=245  10$aJoy of cooking.$pAll about vegetarian cooking /$cIrma S. Rombauer, Marion Rombauer Becker, Ethan Becker ; photography by Tucker & Hossler.
=246  30$aAll about vegetarian cooking
=246  17$aVegetarian cooking
=260  \\$aNew York :$bScribner,$cc2000.
=300  \\$a128 p. :$bill. (some col.) ;$c27 cm.
=505  0\$aAbout vegetarian cooking -- About stocks & soups -- About salads -- About sandwiches, wraps & pizzas -- About vegetables -- About beans & tofu -- About pastas & grains -- About eggs.
=520  \\$aWhile keeping the conversational and instructional manner of "Joy of Cooking," this book is organized by ingredient and type of dish. Chapters include stocks and soups.
=650  \0$aVegetarian cooking.
=655  \7$aCookbooks.$2lcgft
=655  \7$aCookbooks$2fast
=700  1\$aChild, Julia$eformer owner.$5sch
=700  1\$aBecker, Marion Rombauer
=700  1\$aBecker, Ethan.
=700  1\$aBecker, Ethan,$d1945-
=900  \\$a008518215
=901  0\$aBPJ0432
=903  \\$aMHBPJ04320HU
=905  \\$aTX^0837

