=LDR  00000cam a2200301Ia 4500
=001  990086064530203941
=008  001009s2000\\\\it\a\\\\\\\\\\000\0\ita\d
=035  \\$a(MH)008606453HVD01-Aleph
=035  \\$a(OCoLC)45152854
=040  \\$aC3L$cC3L$dOCLCQ$dEYM$dTEF$dHLS
=045  \\$ax0x4
=050  \4$aPN1995$b.L83 2000
=082  14$a791
=090  \\$aPN1995$b.L83 2000
=100  1\$aLuciani, S. A.$q(Sebastiano Arturo),$d1884-1950.
=245  10$aVerso una nuova arte :$bil cinematografo /$cSebastiano Arturo Luciani ; a cura e con un'introduzione di Francesco Bolzoni.
=260  \\$aRoma :$bEdizioni della Cometa,$c2000.
=300  \\$a91 p. :$bill. ;$c17 cm.
=490  1\$aArte e letteratura ;$v55
=650  \0$aMotion pictures
=650  \0$aCinematography.
=700  1\$aBolzoni, Francesco.
=776  08$iOnline version:$aLuciani, S.A. (Sebastiano Arturo), 1884-1950.$tVerso una nuova arte.$dRoma : Edizioni della Cometa, 2000$w(OCoLC)606493457
=830  \0$aArte e letteratura (Edizioni della cometa (Periodical)) ;$v55.
=900  \\$a008606453
=901  8\$aBPU7541
=903  \\$aMHBPU75418HU

