=LDR  00000cam a22003254a 4500
=001  990086840010203941
=008  020801m20009999un\ac\\\\b\\\\000\0cukro\
=010  \\$a^^2003420080
=020  \\$a9666680130 (set)
=020  \\$a9667263665 (t. 1)
=020  \\$a9666680203 (t. 2)
=035  \\$a(OCoLC)55845786
=040  \\$aDLC$cDLC$dOCLCQ
=042  \\$apcc
=043  \\$ae-un---
=050  00$aDK508.9.I82$bR4 2000
=245  00$aReabilitovani istorii͡ei͡u.$pIvano-Frankivsʹka oblastʹ :$bu p'i͡atʹokh tomakh /$c[upori͡adnyk, avtor peredmovy Luk'i͡an Vardzaruk].
=246  30$aIvano-Frankivsʹka oblastʹ
=260  \\$aIvano-Frankivsʹk :$bLilei͡a-NV,$c2000-<2001>
=300  \\$a<v. 1-2> :$bill., ports. ;$c21 cm.
=504  \\$aVol. 1-includes bibliographical references.
=505  1\$at. 1. Kolomyĭsʹkyĭ i Kosivsʹkyĭ raĭony -- t. 2. Misto Ivano-Frankivsʹk, Bohorodchansʹkyĭ, Verkhovynsʹkyĭ, Nadvirni͡ansʹkyĭ raĭony.
=650  \0$aPolitical persecution$zUkraine$zIvano-Frankivsʹka oblastʹ.
=650  \0$aPolitical rehabilitation$zUkraine$zIvano-Frankivsʹka oblastʹ.
=651  \0$aIvano-Frankivsʹka oblastʹ (Ukraine)$vBiography.
=700  1\$aVardzaruk, L.$q(Luk'i͡an)
=900  \\$a008684001
=901  9\$aBQF7119
=903  \\$aMHBQF71199HU

