=LDR  00000nam a2200325 a 4500
=001  990087256420203941
=008  020913s1999\\\\un\\\\\\\b\\\\000\0\ukro\
=010  \\$a^^2002396433
=020  \\$a9660005067
=035  \\$a(OCoLC)50250725
=040  \\$aDLC$cDLC$dDLC
=041  0\$aukr$beng$feng
=050  00$aKZ6369$b.N45 1999
=100  1\$aNelip, M. I.$q(Mykhaĭlo Ivanovych),$d1956-
=245  10$aSylovyĭ zakhyst prav li͡udyny :$bpytanni͡a lehitymnosti v suchasnomu miz͡hnarodnomu pravi /$cM.I. Nelip, O.O. Merez͡hko.
=246  15$aForcible protection of human rights
=250  \\$a2. vyd.
=260  \\$aKyïv :$bNauk. dumka,$c1999.
=300  \\$a187 p. ;$c22 cm.
=546  \\$aText in Ukrainian, with summary and table of contents also in English.
=500  \\$aAuthorized for instructional purposes.
=504  \\$aIncludes bibliographical references (p. 177-[186]).
=650  \0$aHumanitarian intervention.
=650  \0$aHuman rights.
=700  1\$aMerez͡hko, O. O.$q(Oleksandr Oleksandrovych),$d1971-
=900  \\$a008725642
=901  1\$aBQL0867
=903  \\$aMHBQL08671HU
=905  \\$aKZ^6369

