=LDR  00000cam a2200253 a 4500
=001  990089343410203941
=008  040623s2002\\\\nyu\\\\\\\\\\\000\0\eng\d
=010  \\$a^^2004300683
=020  \\$a0312306210
=035  \\$a(OCoLC)49303122
=040  \\$aORX$cORX$dDGU$dOCLCQ$dCFU$dOCLCQ$dDLC
=041  1\$aeng$hger
=042  \\$alccopycat
=050  00$aHV6432.7$b.I56 2002
=082  04$a973.931$221
=245  00$aInside 9-11 :$bwhat really happened /$cby the reporters, writers and editors of Der Spiegel magazine ; translated from the German by Paul De Angelis and Elisabeth Kaestner ; with contributions from Margot Dembo and Christopher Sultan.
=260  \\$aNew York :$bSt. Martin's Press,$cc2002.
=300  \\$axiv, 321 p. ;$c25 cm.
=505  0\$aAttack from the North -- Attack from the South -- Search and rescue -- The hijackers and their helpers in Germany -- Chronology of the attacks -- Timetables of the hijacked flights -- Excerpts from the terrorist's manual -- Atta's last will -- Primer for terrorists on suicide missions -- The Bin Laden videotape.
=650  \0$aSeptember 11 Terrorist Attacks, 2001.
=730  0\$aSpiegel (Hamburg, Germany)
=900  \\$a008934341
=998  \\$aNO-OVERLAY

