=LDR  00000ccm a2200421Ii 4500
=001  990089894760203941
=008  921123t19131913fr\opk\\\\\\\\\n\\\\fre\d
=028  22$aA.C.14595$bChoudens
=035  \\$a(OCoLC)57288468
=040  \\$aHLS$beng$erda$cHLS$dOCLCQ$dOCLCG$dOCLCO$dOCLCQ$dOCLCF$dHMU$dOCLCA$dHHG
=100  1\$aSalvayre, G.,$d1847-1916,$ecomposer.
=240  10$aBelle Imperia.$sVocal score
=245  13$aLa belle Imperia :$bdrame lyrique en quatre actes.
=264  \1$aParis :$bChoudens.,$c©1913.
=300  \\$a1 vocal score (414 pages) ;$c28 cm
=336  \\$anotated music$bntm$2rdacontent
=337  \\$aunmediated$bn$2rdamedia
=338  \\$avolume$bnc$2rdacarrier
=348  \\$avocal score$2rdafnm
=500  \\$aProof.
=500  \\$aOpera; accompaniment arranged for piano.
=545  \\$aFrench words.
=500  \\$aCaption title.
=546  \\$bStaff notation.
=600  00$aImperia,$d1486-1512$vDrama.
=600  10$aChigi, Agostino,$d1466-1520$vDrama.
=600  00$aRaphael,$d1483-1520$vDrama.
=600  17$aChigi, Agostino,$d1466-1520$2fast$0(OCoLC)fst00051384
=600  07$aRaphael,$d1483-1520$2fast$0(OCoLC)fst00033853
=650  \0$aOperas$vVocal scores with piano
=650  \7$aOperas$xVocal scores with piano$2fast$0(OCoLC)fst01046236
=655  \7$aDrama$2fast$0(OCoLC)fst01423879
=655  \7$aGalley proofs (Printing)$zFrance$zParis$y1913.$2rbpri
=655  \7$aVocal scores$2lcgft
=655  \7$aOperas$2lcgft
=710  2\$aRuth Neils and John M. Ward Collection of Opera Scores.$5mus
=900  \\$a008989476

