=LDR  00000cam a2200265 a 4500
=001  990091578480203941
=008  030519s2003\\\\ne\a\\\\\b\\\\001\0\eng\c
=015  \\$aGBA2-U2502
=020  \\$a0444512683
=035  \\$a(MH)009157848HVD01-Aleph
=035  \\$a(OCoLC)50937978
=040  \\$aUKM$cUKM$dOHX$dAZS
=042  \\$apcc
=050  \4$aS494.5.S95$bV64 2003
=072  \7$aS$2lcco
=082  04$a630.2118$221
=100  1\$aVohnout, Karel D.
=245  10$aMathematical modeling for system analysis in agricultural research /$cKarel D. Vohnout.
=260  \\$aAmsterdam ;$aBoston :$bElsevier,$cc2003.
=300  \\$axii, 437 p. :$bill. ;$c25 cm.
=504  \\$aIncludes bibliographical references (p. [431]-432) and index.
=650  \0$aAgricultural systems$xMathematical models.
=650  \0$aSystem analysis.
=900  \\$a009157848

