=LDR  00000cam a2200277Ia 4500
=001  990092714480203941
=008  030310s2002\\\\it\\\\\\\b\\\\001\0\ita\d
=020  \\$a884980380X
=035  \\$a(OCoLC)51825203
=040  \\$aC3L$cC3L$dTEF$dHLS
=045  \\$ax4x-
=050  \4$aHE7551$b.P48 2002
=082  14$a302
=090  \\$aHE7551$b.P48 2002
=100  1\$aPeticca, Sara.
=245  13$aIl linguaggio dell'e-mail /$cSara Peticca.
=260  \\$aSoveria Mannelli :$bRubbettino,$c2002.
=300  \\$a163 p. ;$c21 cm.
=490  1\$aLa politica ;$v50
=504  \\$aIncludes bibliographical references (p. 145-155) and index.
=650  \0$aElectronic mail systems
=650  \0$aElectronic mail messages
=650  \0$aCommunication and technology.
=830  \0$aPolitica (Soveria Mannelli, Italy) ;$v50.
=900  \\$a009271448

