=LDR  00000cam a2200961 a 4500
=001  990094091520203941
=008  040317s2004\\\\enk\\\\\\b\\\\001\0\eng\\
=010  \\$a  2004044614
=015  \\$aGBA4Y9026$2bnb
=016  7\$a009699728$2Uk
=020  \\$a0199249512$q(acid-free paper)
=020  \\$a9780199249510$q(acid-free paper)
=020  \\$a0199249504$q(pbk.)
=020  \\$a9780199249503$q(pbk.)
=035  \\$a(OCoLC)54826109
=040  \\$aDLC$beng$cDLC$dPMC$dSYB$dUKM$dBAKER$dNLGGC$dBTCTA$dYDXCP$dTEF$dGEBAY$dGBVCP$dCHVBK$dOCLCQ$dOCLCA$dALAUL$dUKMGB$dNJR$dBDX$dOCLCO$dOCLCF$dOCLCO$dOCLCQ$dDEBBG$dOCLCQ$dCNGUL$dOCLCO$dOCLCA$dYDX$dOCLCA$dUKTTE$dUEJ$dESU$dOCLCQ$dOCLCO$dOCL$dCCH$dOCLCQ$dOCLCO$dUKUOY$dOCLCQ$dOCL$dOCLCO$dSNU$dIL4J6$dOCLCQ
=043  \\$ae-uk---
=050  00$aDA16$b.G45 2004
=080  \\$a325.36 GEN
=082  00$a305.3/09171/241$222
=082  04$a305.4209171241$222
=084  \\$a15.59$2bcl
=084  \\$aD756.181-09$2clc
=084  \\$aMS 2850$2rvk
=084  \\$aNQ 9410$2rvk
=084  \\$a8$2ssgn
=245  00$aGender and empire /$cPhilippa Levine, editor.
=260  \\$aOxford ;$aNew York :$bOxford University Press,$c2004.
=300  \\$axiv, 306 pages ;$c24 cm.
=336  \\$atext$btxt$2rdacontent
=337  \\$aunmediated$bn$2rdamedia
=338  \\$avolume$bnc$2rdacarrier
=490  1\$aThe Oxford history of the British Empire companion series
=504  \\$aIncludes bibliographical references and index.
=505  00$gIntroduction :$tWhy gender and empire? /$rPhilippa Levine --$tEmpire, gender, and modernity in the eighteenth century /$rKathleen Wilson --$tOf gender and empire : reflections on the nineteenth century /$rCatherine Hall --$tGender and empire : the twentieth century /$rBarbara Bush --$tMedicine, gender, and empire /$rAlison Bashford --$tSexuality, gender, and empire /$rPhilippa Levine --$tGender and migration /$rA. James Hammerton --$tNations in an imperial crucible /$rMrinalini Sinha --$tLegacies of departure : decolonization, nation-making, and gender /$rUrvashi Butalia --$tEmpire and violence, 1900-1939 /$rJock McCulloch --$tChildhood and race : growing up in the empire /$rFiona Paisley --$tFaith, missionary life, and the family /$rPatricia Grimshaw --$tArchive stories : gender in the making of imperial and colonial histories /$rAntoinette Burton.
=520  \\$a"Focusing the perspectives of gender scholarship on the study of empire produces an original volume full of fascinating new insights about the conduct of men as well as women. Bringing together disparate fields - politics, medicine, sexuality, childhood, religion, migration, and many more topics - this new collection of essays demonstrates the richness of studying empire through the lens of gender. This more inclusive look at empire asks not only why the empire was dominated by men, but how that domination affected the conduct of imperial politics. The fresh, new interpretations of the British Empire offered here will interest readers across a wide range, and will demonstrate the vitality of this innovative approach and the new historical questions it raises."--Publisher description.
=651  \0$aGreat Britain$xColonies$xHistory.
=650  \0$aMan-woman relationships$xColonies$zGreat Britain$xHistory.
=650  \0$aSex role$xColonies$zGreat Britain$xHistory.
=650  \0$aWomen$xColonies$zGreat Britain$xHistory.
=650  \0$aSex$xColonies$zGreat Britain$xHistory.
=651  \0$aGreat Britain$xColonies$xAdministration.
=650  \0$aImperialism$xSocial aspects.
=650  \7$aMan-woman relationships$xColonies$xHistory.$yGreat Britain.$2cct
=650  \7$aSex role$xColonies$xHistory.$yGreat Britain.$2cct
=650  \7$aWomen$xColonies$xHistory.$yGreat Britain.$2cct
=650  \7$aSex$xColonies$xHistory.$yGreat Britain.$2cct
=650  \7$aImperialism$xSocial aspects.$2cct
=651  \7$aGreat Britain$xColonies$xHistory.$2cct
=651  \7$aGreat Britain$xColonies$xAdministration.$2cct
=650  \7$aBritish colonies$2fast$0(OCoLC)fst01910374
=650  \7$aImperialism$xSocial aspects$2fast$0(OCoLC)fst00968140
=650  \7$aColonies$xAdministration$2fast$0(OCoLC)fst00868457
=651  \7$aGreat Britain$2fast$0(OCoLC)fst01204623
=610  27$aCommonwealth$2gnd
=650  \7$aFeminismus$2gnd
=650  \7$aFrau$2gnd
=650  \7$aGeschichtswissenschaft$2gnd
=650  \7$aGeschlechterrolle$2gnd
=650  17$aSekseverschillen.$2gtt
=650  17$aVrouwen.$2gtt
=650  17$aImperialisme.$2gtt
=650  \7$aGeschlechterrolle.$2idszbz
=650  \7$aImperialismus.$2idszbz
=651  \7$aGrossbritannien.$2idszbz
=651  \7$aGreat Britain$xColonies$xHistory.$2nli
=650  \7$aMan-woman relationships$zGreat Britain$xColonies$xHistory.$2nli
=650  \7$aSex role$zGreat Britain$xColonies$xHistory.$2nli
=650  \7$aWomen$zGreat Britain$xColonies$xHistory.$2nli
=650  \7$aSex$zGreat Britain$xColonies$xHistory.$2nli
=651  \7$aGreat Britain$xColonies$xAdministration.$2nli
=650  \7$aImperialism$xSocial aspects.$2nli
=650  07$aFrau.$2swd
=648  \4$aGeschichte.
=648  \7$aGeschichte$2swd
=653  0\$aCommonwealth$aGeschichtswissenschaft$aFeminismus$aAufsatzsammlung
=653  0\$aCommonwealth$aFrau$aGeschlechterrolle$aGeschichte$aAufsatzsammlung
=655  \4$aAufsatzsammlung.
=655  \7$aHistory.$2fast$0(OCoLC)fst01411628
=700  1\$aLevine, Philippa.
=830  \0$aOxford history of the British Empire companion series.
=900  \\$a009409152

