=LDR  00000cam a22008414a 4500
=001  990095144590203941
=008  040506s2004\\\\caua\\\\\b\\\\000\0\eng\\
=010  \\$a  2004010757
=015  \\$aGBA454427$2bnb
=016  7\$a012958666$2Uk
=020  \\$a0300106408
=020  \\$a9780300106404
=024  8\$a99808975228
=035  \\$a(OCoLC)55286042$z(OCoLC)972832186$z(OCoLC)973465989$z(OCoLC)993717444$z(OCoLC)1008071557$z(OCoLC)1089306098$z(OCoLC)1170631801$z(OCoLC)1224601918
=040  \\$aDLC$beng$cDLC$dC#P$dIBS$dOSU$dBAKER$dNLGGC$dMUQ$dBTCTA$dYDXCP$dUQ1$dIG#$dUKTTE$dGEBAY$dA7U$dBDX$dOCLCF$dOCLCO$dOCLCQ$dDEBBG$dOCLCO$dOCL$dWLU$dGILDS$dUKMGB$dOCLCQ
=042  \\$apcc
=050  00$aTT507$b.G553 2004
=082  00$a745.2/09/0407479461$222
=084  \\$a21.85$2bcl
=084  \\$a21.82$2bcl
=084  \\$a21.62$2bcl
=084  \\$a8$2ssgn
=084  \\$aLH 48100$2rvk
=245  00$aGlamour :$bfashion, industrial design, architecture /$cedited by Joseph Rosa [and others].
=260  \\$aSan Francisco :$bSan Francisco Museum of Modern Art ;$aNew Haven :$bYale University Press,$c©2004.
=300  \\$a185 pages :$billustrations (some color) ;$c30 cm
=336  \\$atext$btxt$2rdacontent
=337  \\$aunmediated$bn$2rdamedia
=338  \\$avolume$bnc$2rdacarrier
=500  \\$aCatalog of an exhibition at the San Francisco Museum of Modern Art Oct. 9, 2004-Jan. 16, 2005.
=504  \\$aIncludes bibliographical references (pages 180-183).
=505  0\$aIntroduction : fabricating affluence / Joseph Rosa -- A golden world / Virginia Postrel -- Fashion / Valerie Steele -- Industrial design / Phil Patton -- Architecture / Joseph Rosa.
=520  1\$a"This catalogue revises our understanding of glamour in the fields of fashion, industrial design, and architecture. Tracing glamour's trajectory from Hollywood's golden age to its present-day connotations of affluence, this illustrated volume presents an array of postwar couture, jewelry, automobile, furniture, and built and unbuilt architecture - all of which share an affinity for richly decorative patterning, complex layering, and sumptuous materials."--Jacket.
=650  \0$aFashion design$xHistory$y20th century$vExhibitions.
=650  \0$aIndustrial design$xHistory$y20th century$vExhibitions.
=650  \0$aArchitectural design$xHistory$y20th century$vExhibitions.
=650  \0$aArchitecture, Modern$y20th century$vExhibitions
=650  \0$aAesthetics, Modern$y20th century$vExhibitions.
=650  \6$aMode$xCréation$xHistoire$y20e siècle$vExpositions.
=650  \6$aDesign$xHistoire$y20e siècle$vExpositions.
=650  \6$aDesign architectural$xHistoire$y20e siècle$vExpositions.
=650  \6$aArchitecture$y20e siècle$xHistoire$vExpositions.
=650  \6$aEsthétique$y20e siècle$vExpositions.
=650  \7$aAesthetics, Modern$2fast$0(OCoLC)fst00798800
=650  \7$aArchitectural design$2fast$0(OCoLC)fst00813184
=650  \7$aArchitecture, Modern$2fast$0(OCoLC)fst00813842
=650  \7$aFashion design$2fast$0(OCoLC)fst01200123
=650  \7$aIndustrial design$2fast$0(OCoLC)fst01730190
=650  17$aMode.$2gtt
=650  17$aIndustriële vormgeving.$2gtt
=650  17$aBouwkunst.$2gtt
=650  \7$aArchitecture.$2rasuqam
=650  \7$aAutomobile.$2rasuqam
=650  \7$aCréation de mode.$2rasuqam
=650  \7$aDesign industriel.$2rasuqam
=650  \7$aEsthétique.$2rasuqam
=650  \7$aMobilier.$2rasuqam
=650  07$aMode.$2swd
=650  07$aIndustriedesign.$2swd
=650  07$aArchitektur.$2swd
=650  07$aArchitektur$0(DE-588)4002851-3$2gnd
=650  07$aIndustriedesign$0(DE-588)4072788-9$2gnd
=650  07$aMode$0(DE-588)4039792-0$2gnd
=648  \7$aGeschichte 1900-2000$2swd
=648  \7$a1900-1999$2fast
=655  \7$aExhibition catalogs$2fast$0(OCoLC)fst01424028
=655  \7$aHistory.$2fast$0(OCoLC)fst01411628
=655  \4$aAusstellung$zSan Francisco (Calif.)$y2004.
=655  \7$aExhibition catalogs$2lcgft
=700  1\$aRosa, Joseph.
=710  2\$aSan Francisco Museum of Modern Art.
=900  \\$a009514459

