=LDR  00000cam a22003494a 4500
=001  990097327350203941
=008  040126s2005\\\\nyua\\\\\b\\\\001\0\eng\\
=010  \\$a^^2004001650
=020  \\$a1580461476 (hardcover : alk. paper)
=035  \\$a(OCoLC)53443164
=040  \\$aDLC$cDLC$dDLC$dHMU
=042  \\$apcc
=043  \\$an-us---$ae-pl---
=050  00$aML27.U5$bP65 2005
=082  00$a305.891/85073$222
=100  1\$aBlejwas, Stanislaus A.
=245  14$aThe Polish Singers Alliance of America, 1888-1998 :$bchoral patriotism /$cStanislaus A. Blejwas.
=260  \\$aRochester, NY :$bUniversity of Rochester Press,$c2005.
=300  \\$axxviii, 351 p. :$bill. ;$c24 cm.
=490  1\$aRochester studies in Central Europe,$x1528-4808 ;$v[6]
=504  \\$aIncludes bibliographical references (p. [331]-343) and index.
=505  0\$a"To sing out the future of our beloved fatherland" -- Pieśni o ziemi naszej (songs of our land) -- The convention of "unhappy memory" -- Active duty -- Cultural care -- World War II and a new immigration -- The Czechlewski years : the ideological organization redefined -- Polish American choral culture -- "Let Poland be Poland!" -- Quo vadis Polish song in North America?
=520  1\$a"This book examines the history of the Polish Singers Alliance of America (PSAA) as an ideological organization. As a case study of an immigrant cultural organization that evolved demographically into an ethnic organization of the succeeding generations, it documents the extent to which the politics of the homeland engaged an immigrant and ethnic community over a century. This is a study of immigrant nationalism, as articulated by immigrant and ethnic singing societies. The survival of the Polish Singers Alliance as an ideological organization suggests considerations about the ability of an immigrant and ethnic culture to resist and to adapt to America's assimilative powers."--Jacket.
=610  20$aPolish Singers Alliance of America$xHistory.
=650  \0$aChoral societies$zUnited States.
=650  \0$aPolish Americans$xEthnic identity.
=651  \0$aPoland$xHistory
=651  \0$aPoland$xPolitics and government
=655  \7$aHistory.$2fast
=830  \0$aRochester studies in Central Europe$v[6].$x1528-4808
=900  \\$a009732735

