=LDR  00000cgm a2200625Ia 4500
=001  990097756410203941
=008  000523s1999\\\\cau103\g\\\\\\\\\\vleng\d
=020  \\$a079074399X
=024  10$a012569500822
=028  42$a65008$bWarner Home Video
=035  \\$a(OCoLC)44103110
=040  \\$aBKL$cBKL$dOLN$dIHI$dUV$adONU$dJED$dOCLCQ$dJED$dRCS$dOCLCQ
=041  1\$aeng$afre
=043  \\$af-mr---
=082  04$a791.43/72$222
=090  \\$aPN1995.9.F54$bC352 1999
=130  0\$aCasablanca (Motion picture)
=245  10$aCasablanca$h[videorecording] /$cscreenplay by Julius J. and Philip G. Epstein and Howard Koch ; a Hal B. Wallis production ; directed by Michael Curtiz.
=260  \\$aBurbank, CA :$bWarner Home Video,$c[1999]
=300  \\$a1 videodisc (103 min.) :$bsd., b&w ;$c4 3/4 in.
=538  \\$aDVD ; Dolby digital, mono. ; region 1.
=546  \\$aEnglish and French audio tracks with optional subtitles in English and French ; closed-captioned in English.
=511  1\$aHumphrey Bogart, Ingrid Bergman, Paul Henreid, Claude Rains, Conrad Veidt, Sydney Greenstreet, Peter Lorre.
=508  \\$aDirector of photography, Arthur Edeson ; film editor, Owen Marks ; music by Max Steiner.
=500  \\$aFrom a play by Murray Burnett and Joan Alison.
=500  \\$aOriginally released as a motion picture in 1943 by Warner Brothers.
=521  8\$aMPAA rating: PG.
=586  8\$aAcademy Award, 1943: Best Picture.
=520  \\$aIn World War II Morocco, seething with European refugees desperate for passage to neutral Lisbon, only a world-weary and bitter nightclub owner can help his former lover and her Resistance-hero husband escape from the Nazis.
=500  \\$aSpecial features: documentary "You must remember this," hosted by Lauren Bacall and featuring recently unearthed outtakes; all-new introduction by Lauren Bacall; theatrical trailers.
=655  \0$aDVD-Video discs.
=650  \0$aWorld War, 1939-1945$xRefugees$vDrama.
=650  \0$aWorld War, 1939-1945$xUnderground movements$vDrama.
=650  \0$aResistance movements, War$vDrama.
=651  \0$aMorocco$xHistory$y20th century$vDrama.
=653  \\$aGuerre mondiale, 1939-1945$aRéfugiés$aDrame
=655  \0$aFilm adaptations
=655  \0$aVideo recordings for the hearing impaired
=655  \0$aWar films.
=655  \0$aFeature films.
=655  \0$aDVD-Video discs.
=700  1\$aCurtiz, Michael,$d1886-1962$4drt
=700  1\$aEpstein, Julius J.,$d1909-2000$4aus
=700  1\$aEpstein, Philip G.$4aus
=700  1\$aKoch, Howard$4aus
=700  1\$aBogart, Humphrey,$d1899-1957$4act
=700  1\$aBergman, Ingrid,$d1915-1982$4act
=700  1\$aHenreid, Paul$4act
=700  1\$aBurnett, Murray.$tEveryone comes to Rick's.
=710  2\$aTurner Entertainment Co.
=710  2\$aWarner Home Video (Firm)
=740  02$aYou must remember this.
=900  \\$a009775641
=905  \\$aPN^0000

