=LDR  00000cjm a22009011i 4500
=001  990114134090203941
=007  sd#fsngnnmmned
=008  041105p20032003nyuppnn\\d\\\\\\\\n\eng\d
=010  \\$a  2004715776
=024  1\$a602498611210
=028  02$aB0001528-02$bRoc-a-Fella Records
=035  \\$a(OCoLC)53807429
=040  \\$aIEB$beng$erda$cIEB$dDLC$dCPL$dTXA$dCO2$dBTCTA$dCN5O8$dJTC$dCOO$dAPL$dTEF$dOHRRH$dS3O$dOCLCO$dOCLCF$dNYP$dOCLCQ$dOCLCO$dGRC$dOCLCA$dQQ3$dOCLCA$dSNN$dLMJ$dOCLCO$dBYV$dOCLCO$dHMU
=042  \\$alcderive
=043  \\$an-us---
=050  \4$aM1630.18.J39$bB53 2003
=050  00$aSDB 09488
=082  04$a781.649$bJ42bL
=245  04$aThe black album /$cJay-Z.
=264  \1$aNew York, N.Y. :$bRock-a-Fella Records,$c[2003]
=264  \2$aNew York, N.Y. :$bDistributed by Universal Music & Video Distribution
=264  \3$a[New York, N.Y.] :$bManufactured by the Island Def Jam Music Group
=264  \4$c℗2003
=300  \\$a1 audio disc ;$c4 3/4 in.
=306  \\$a005537
=336  \\$aperformed music$bprm$2rdacontent
=337  \\$aaudio$bs$2rdamedia
=338  \\$aaudio disc$bsd$2rdacarrier
=340  \\$aplastic$ametal$b4 3/4 in.
=344  \\$adigital$2rdatr
=344  \\$boptical$2rdarm
=344  \\$c1.4 m/s
=344  \\$gstereo$2rdacpc
=347  \\$aaudio file$2rdaft
=347  \\$bCD audio
=500  \\$aTitle from disc label.
=546  \\$aPerformed in English.
=511  0\$aJay-Z, vocals ; with accompanying musicians.
=508  \\$aExecutive producers, Shawn Carter, Damon Dash, and Kareen "Biggs" Burke.
=518  \\$aRecorded at various locations (primarily at Baseline Studios, New York City), 2003.
=500  \\$a"Parental advisory, explicit content"--Container.
=500  \\$aLyrics and credits (14 unnumbered pages : color illustrations) inserted in container.
=505  00$gInterlude --$tDecember 4th --$tWhat more can I say --$tEncore --$tChange clothes --$tDirt off your shoulder --$tThreat --$tMoment of clarity --$t99 problems --$gInterlude --$tJustify my thug --$tLucifer --$tAllure --$tMy 1st song.
=520  \\$aJay-Z's last album before temporarily retiring is a sprawling, ambitious effort that rivals the best work of his career.
=520  1\$a"(Here) the quintessential hustler (seeks) a memorable exit"--Entertainment Weekly.
=650  \0$aRap (Music)
=650  \0$aPopular music$y2001-2010
=650  \7$aPopular music$2fast$0(OCoLC)fst01071422
=650  \7$aRap (Music)$2fast$0(OCoLC)fst01089951
=650  \7$aRap$vmusikinspelningar.$2sao
=650  \7$aSoul (musik)$vmusikinspelningar.$2sao
=648  \7$a2001-2010$2fast
=655  \0$aPopular music$y2001-2010.
=655  \7$aPopular music$2fast$0(OCoLC)fst01726706
=655  \7$aRap (Music)$2fast$0(OCoLC)fst01726716
=655  \7$aRap (Music)$2lcgft
=655  \7$aHip-hop (Music)$2lcgft
=655  \7$aCompact discs.$2aat
=700  0\$aJay-Z,$d1969-$eperformer.
=740  02$aDecember 4th.
=740  02$aDecember fourth.
=740  02$aWhat more can I say.
=740  02$aEncore.
=740  02$aChange clothes.
=740  02$aDirt off your shoulder.
=740  02$aThreat.
=740  02$aMoment of clarity.
=740  02$a99 problems.
=740  02$aNinety-nine problems.
=740  02$aJustify my thug.
=740  02$aLucifer.
=740  02$aAllure.
=740  02$aMy 1st song.
=740  02$aMy first song.
=900  \\$a013647326
=900  \\$a011413409
=911  \\$a415.37255..565870.651123.0000.00000

