=LDR  00000cam a2200637 a 4500
=001  990115929910203941
=008  041102r20041955nyu\\\\\\b\\\\000\1\eng\\
=010  \\$a^^2004559911
=020  \\$a0143039024 (pbk.)
=035  \\$a(OCoLC)56808713$z(OCoLC)56814484$z(OCoLC)1079946170$z(OCoLC)1084561340$z(OCoLC)1166443265$z(OCoLC)1166446523$z(OCoLC)1201966532
=040  \\$aDLC$cDLC$dDLC
=043  \\$aai-----$aa-vt---
=050  00$aPR6013.R44$bQ5 2004
=082  00$a823/.912$222
=100  1\$aGreene, Graham,$d1904-1991
=245  14$aThe quiet American /$cGraham Greene ; introduction by Robert Stone.
=250  \\$aDeluxe ed.
=260  \\$aNew York :$bPenguin Books,$c2004.
=300  \\$axx, 180 p. ;$c22 cm.
=490  1\$aPenguin classics
=500  \\$a"Graham Greene centennial, 1904-2004"--Cover.
=504  \\$aIncludes bibliographical references (p. xix-xx).
=520  \\$aThis novel is a study of New World hope and innocence set in an Old World of violence. The scene is Saigon in the violent years when the French were desperately trying to hold their footing in the Far East. The principal characters are a skeptical British journalist, his attractive Vietnamese mistress, and an eager young American sent out by Washington on a mysterious mission.
=505  0\$aIntroduction / Robert Stone -- Suggestions for further reading / Michael Gorra -- Quiet American.
=650  \0$aIndochinese War, 1946-1954$vFiction
=650  \0$aTriangles (Interpersonal relations)$vFiction
=650  \0$aAmericans$zIndochina$vFiction.
=650  \0$aBritish$zIndochina$vFiction.
=650  \0$aWar correspondents$vFiction
=651  \0$aIndochina$vFiction.
=651  \0$aVietnam$vFiction
=655  \7$aPsychological fiction$2lcsh
=655  \7$aPolitical fiction$2lcsh
=655  \7$aWar stories.$2gsafd
=655  \0$aPsychological fiction.
=655  \0$aPolitical fiction.
=655  \7$aPsychological fiction$2lcgft
=655  \7$aPolitical fiction$2lcgft
=655  \7$aFiction$2fast
=655  \7$aPolitical fiction$2fast
=655  \7$aPsychological fiction$2fast
=655  \7$aFiction.$2fast$0(OCoLC)fst01423787
=655  \7$aPolitical fiction.$2fast$0(OCoLC)fst01726702
=655  \7$aPsychological fiction.$2fast$0(OCoLC)fst01726481
=647  \7$aIndochinese War$d(1946-1954)$2fast$0(OCoLC)fst00970511
=648  \7$a1946-1954$2fast
=700  1\$aStone, Robert,$d1937-2015
=776  08$iOnline version:$aGreene, Graham, 1904-1991.$tQuiet American.$dNew York : Penguin Books, 2004$w(OCoLC)657310461
=830  \0$aPenguin classics
=900  \\$a011592991
=991  \\$b2022-01-07$cWorldCat record variable field(s) change: 655
=991  \\$b2022-01-25$cWorldCat record variable field(s) change: 655
=991  \\$b2022-01-26$cWorldCat record variable field(s) change: 655
=991  \\$b2022-01-30$cWorldCat record variable field(s) change: 655
=991  \\$b2022-02-02$cWorldCat record variable field(s) change: 655

