=LDR  00000nam a2200253I  4500
=001  990125150120203941
=008  920113s1954\\\\enk\\\\\\\\\\\001\0\eng\d
=035  \\$a(OCoLC)25100531$z(OCoLC)1029909131$z(OCoLC)1184564837
=040  \\$aMDB$cMDB$dOCLCQ$dUPM
=050  14$aTX721$b.H64 1954
=100  1\$aHowe, Robin
=245  10$aGerman cooking /$cby Robin Howe.
=250  \\$aRev. and enl. ed.
=260  \\$aLondon :$bAndre Deutsch,$c1954.
=300  \\$a223 p. ;$c19 cm.
=500  \\$aIncludes index.
=650  \0$aCooking, German
=650  \2$aCooking
=655  \7$aCookbooks$2fast$0(OCoLC)fst01752725
=655  \7$aCookbooks$2lcgft
=700  1\$aChild, Julia$eformer owner.$5sch
=900  \\$a012515012
=991  \\$b2022-01-18$cWorldCat record variable field(s) change: 650

