=LDR  00000cam a2200325Ia 4500
=001  990147211360203941
=008  970721s1976\\\\dcua\\\\\\\\\\100\0\eng\d
=035  \\$a(OCoLC)37327972
=040  \\$aDNH$beng$cDNH$dOCLCQ$dSMI$dOCLCQ$dOCLCF$dOCLCQ$dOCLCO$dEEM$dSLR
=050  \4$aT825.L1$bC3972 1976
=111  2\$aCentennial Exhibition$d(1876 :$cPhiladelphia, Pa.).$eWomen's Centennial Executive Committee
=245  14$aThe National cookery book :$bcompiled from original receipts, for the Women's Centennial Committees of the International Exhibition of 1876.
=250  \\$aBicentennial edition 1976.
=260  \\$aWashington, D.C. :$bLegado Press,$c1976.
=300  \\$a24 pages :$billustrations ;$c22 cm
=336  \\$atext$btxt$2rdacontent
=337  \\$aunmediated$bn$2rdamedia
=338  \\$avolume$bnc$2rdacarrier
=500  \\$aCover title.
=500  \\$a"Notes on the National Cookery Book, 1876 edition, by Deborah J. Warner, Curator, The Women's Pavilion, 1876: A Centennial Exhibition, Smithsonian Institution, Washington, D.C."--Page 4 of cover.
=520  \\$aReproduction of selected pages from 300+ page deluxe edition of the National cookery book, 1876.
=611  20$aCentennial Exhibition$d(1876 :$cPhiladelphia, Pa.)
=650  \0$aCooking, American
=611  27$aCentennial Exhibition$2fast$0(OCoLC)fst01405197
=650  \7$aCooking, American.$2fast$0(OCoLC)fst01753224
=655  \7$aCookbooks$2lcgft
=700  1\$aWarner, Deborah Jean.
=711  2\$aCentennial Exhibition$d(1876 :$cPhiladelphia, Pa.)
=900  \\$a014721136

