=LDR  00000cam a2200337 a 4500
=001  990149210790203941
=008  940627s1994\\\\nyua\\\\\\\\\\001\0\eng\\
=010  \\$a   94003768 
=020  \\$a031211334X
=020  \\$a9780312113346
=035  \\$a(OCoLC)30780522
=040  \\$aDLC$beng$cDLC$dBAKER$dBTCTA$dOCLCQ$dYDXCP$dOCLCG$dOCLCO$dOCLCF$dOCLCQ$dOCLCO$dSLR
=050  00$aPN6231.S54$bS38 1994
=082  00$a306.7/0207$220
=245  00$aSex :$beven more fun you can have without laughing : sex quotations witty, racy & surprisingly instructive /$cgathered by William Cole and Louis Phillips.
=250  \\$a1st ed.
=260  \\$aNew York :$bSt. Martin's Press,$c1994.
=300  \\$a149 pages :$billustrations ;$c18 cm
=336  \\$atext$btxt$2rdacontent
=337  \\$aunmediated$bn$2rdamedia
=338  \\$avolume$bnc$2rdacarrier
=500  \\$aIncludes index.
=650  \0$aSex$vHumor
=650  \7$aSex$2fast$0(OCoLC)fst01114160
=655  \7$aHumor$2fast$0(OCoLC)fst01423696
=655  \7$aQuotations.$2lcgft
=700  1\$aCole, William,$d1919-2000
=700  1\$aPhillips, Louis.
=700  1\$aBaird, Bill,$eformer owner.$5sch
=900  \\$a014921079

