=LDR  00000cjm a2200649 a 4500
=001  990149236390203941
=007  sd\fungnnmmned
=008  950518p19941993gw\munn\\fi\\\\\\\n\zxx\d
=024  1\$z5472773212
=028  02$a05472 77321 2$bDeutsche Harmonia Mundi
=033  20$a19931219$a19931223$b6004$cU8
=035  \\$a(OCoLC)32503828
=040  \\$aOWM$beng$cOWM$dCPL$dXFF$dOCLCG$dVVW$dOCLCQ$dOCLCO$dOCLCA$dOCLCF$dOCLCQ$dRCL$dXFF$dOCLCO$dOCL$dOCLCO
=041  0\$gger$geng$gfre$mger
=047  \\$asu$aco
=048  \\$aoc
=048  \\$aoa
=048  \\$bsa02$aoc
=050  14$aCD784.3 T
=082  14$a[E]
=100  1\$aTelemann, Georg Philipp,$d1681-1767
=240  10$aOrchestra music.$kSelections
=245  00$aSuites (overtures) ;$bConcerto E minor /$cTelemann.
=260  \\$aGermany :$bDeutsche Harmonia Mundi,$c℗1994.
=300  \\$a1 audio disc :$bdigital ;$c4 3/4 in.
=306  \\$a002100$a002300$a000900$a002200
=336  \\$aperformed music$bprm$2rdacontent
=337  \\$aaudio$bs$2rdamedia
=338  \\$aaudio disc$bsd$2rdacarrier
=382  01$astring orchestra$e1$t1$2lcmpt
=382  01$aorchestra$e1$t1$2lcmpt
=382  01$bviolin$n2$astring orchestra$e1$r2$t1$2lcmpt
=511  0\$aFreiburger Barockorchester ; Gottfried von der Goltz, director.
=518  \\$aRecorded Dec. 19-23, 1993, in Maria Minor Kirche, Utrecht, The Netherlands.
=500  \\$aThe 1st work for string orchestra.
=500  \\$aCompact disc.
=500  \\$aProgram notes by Jens Markowsky and biographical notes on the performers, in German with English and French translations (27 p. : ports.)--inserted in container.
=505  0\$aOuverture G-Dur = G major, TWV 55 : Bourlesque de Quixotte (21:00) -- Ouverture f-Moll, für 2 Blockflöten, Streicher und B.c. = F minor, for 2 recorders, strings and b.c. (23:00) -- Concerto a 7, e-Moll, für 2 violini concertati, 2 violini repieni [sic], viola/alto, bassi in repieno [sic] = E minor (9:00) -- Ouverture D-Dur, für 3 Oboen, Streicher und B.c. = D major, for 3 oboes, strings, and b.c. (22:00).
=650  \0$aSuites (String orchestra)
=650  \0$aSuites (Orchestra)
=650  \0$aConcertos (Violins (2) with string orchestra)
=650  \7$aConcertos (Violins (2) with string orchestra)$2fast$0(OCoLC)fst00874003
=650  \7$aSuites (Orchestra)$2fast$0(OCoLC)fst01137923
=650  \7$aSuites (String orchestra)$2fast$0(OCoLC)fst01138043
=655  \7$aSuites$2fast$0(OCoLC)fst01726502
=655  \7$aConcertos$2fast$0(OCoLC)fst01726450
=655  \7$aSuites$2lcgft
=655  \7$aConcertos$2lcgft
=710  2\$aFreiburger Barockorchester.$4prf
=700  1\$aGoltz, Gottfried von der.$4cnd
=700  12$aTelemann, Georg Philipp,$d1681-1767.$tBurlesque de Quixotte.
=700  12$aTelemann, Georg Philipp,$d1681-1767.$tOvertures,$nTWV 55:f1,$rF minor.
=700  12$aTelemann, Georg Philipp,$d1681-1767.$tConcertos,$mviolins (2), string orchestra,$nTWV 52:e4,$rE minor.
=700  12$aTelemann, Georg Philipp,$d1681-1767.$tOvertures,$nTWV 55:D15,$rD major.
=900  \\$a014923639
=929  \\$aMUS RECCO Batch Overlay 2021-07-16

