=LDR  00000cas a2200325Ia 4500
=001  990151751700203941
=008  030828c19739999nyubr\p\\\\\\\0\\\\0eng\d
=035  \\$a(OCoLC)52935570
=040  \\$aCSL$beng$cCSL$dOCLCQ$dUCW$dOCLCF$dOCLCQ
=050  \4$aHQ79$b.E954
=110  2\$aEulenspiegel Society.
=245  10$aPro·me·thee·us :$bsexual minorities report /$cEulenspiegel Society.
=246  13$aPro me thee us
=246  13$aPrometheus
=260  \\$aNew York, N.Y. :$bEulenspiegel Society,$c©1973-
=300  \\$avolumes :$billustrations ;$c28-42 cm
=336  \\$atext$btxt$2rdacontent
=337  \\$aunmediated$bn$2rdamedia
=338  \\$avolume$bnc$2rdacarrier
=362  0\$aSpecial introductory issue-
=588  1\$aNo. 5 <June 1975>.
=650  \0$aSadomasochism$vPeriodicals.
=650  \0$aBondage (Sexual behavior)$vPeriodicals.
=650  \0$aLeather lifestyle$vPeriodicals.
=650  \7$aBondage (Sexual behavior)$2fast$0(OCoLC)fst00835873
=650  \7$aLeather lifestyle$2fast$0(OCoLC)fst00995153
=650  \7$aSadomasochism$2fast$0(OCoLC)fst01103309
=655  \7$aPeriodicals$2fast$0(OCoLC)fst01411641
=900  \\$a015175170

