=LDR  00000cam a22004574a 4500
=001  990151803600203941
=008  000524s2000\\\\caua\\\\\b\\\\001\0\eng\\
=010  \\$a^^^00104906^
=020  \\$a1580631436
=020  \\$a9781580631433
=035  \\$a(OCoLC)44759963
=040  \\$aDLC$beng$cDLC$dORX$dDPL$dBAKER$dBTCTA$dYDXCP$dIG#$dSINLB$dDEBBG$dOCLCF$dLTP
=042  \\$apcc
=043  \\$aa-ii---
=050  00$aTX349$b.B5323 2000
=082  00$a641.3/000954/03$221
=084  \\$aLC 17385$2rvk
=100  1\$aBladholm, Linda,$d1957-
=245  14$aThe Indian grocery store demystified /$cLinda Bladholm.
=250  \\$a1st ed.
=260  \\$aLos Angeles :$bRenaissance Books,$cc2000.
=300  \\$a265 p. :$bill. ;$c23 cm.
=336  \\$atext$btxt$2rdacontent
=337  \\$aunmediated$bn$2rdamedia
=338  \\$avolume$bnc$2rdacarrier
=500  \\$a"A Take it with you guide"--Cover.
=504  \\$aIncludes bibliographical references (p. 254-255) and index.
=505  0\$aRice & rice products -- Breads & flours -- Legumes & dals -- Spices & seasonings -- Spice mixes, powders & pastes -- Aromatics & herbs -- Vegetables -- Fruit -- Canned goods -- Ghee & oils -- Dairy products: the milky way -- Pickles & chutneys -- Snacks -- Sweets -- Tea -- Food for thought: the ayurvedic kitchen -- Bombay bazaar: the rest of the Indian market -- Kitchen equipment -- Indian cooking methods -- Recipes.
=520  \\$a"A food lover's guide to all the best ingredients in the traditional foods of India, Pakistan, and Bangladesh." "With 700 entries and over 200 illustrations, plus traditional stories and personal anecdotes about many of the ingredients unique to Indian cuisine, this guidebook identifies and tells you how to use the vast array of spices, rice, legumes, fruits, vegetables, and prepared foods at over 9,000 Indian grocery stores in America. A bonus section of the author's favorite recipes will help you create delicious, authentic dishes that will satisfy anyone's hunger and sense of adventure." -- from the publisher.
=650  \0$aFood$vDictionaries
=650  \0$aCooking, Indic$vDictionaries.
=650  \7$aCooking$2fast$0(OCoLC)fst01754966
=650  \7$aFood$2fast$0(OCoLC)fst00930458
=650  07$aFührer.$2swd
=650  07$aLebensmittel.$2swd
=651  \7$aBangladesch.$2swd
=651  \7$aIndien.$2swd
=651  \7$aPakistan.$2swd
=655  \7$aDictionaries$2fast$0(OCoLC)fst01423826
=900  \\$a015180360

