=LDR  00000cam a2200505Ii 4500
=001  990152162800203941
=008  050328s1608\\\\it\\\\\\\\\\\\000\1\ita\d
=024  7\$aurn:nbn:de:bvb:12-bsb10578584-6$2urn
=035  \\$a(OCoLC)58825834
=040  \\$aCUY$beng$erda$cCUY$dOCLCG$dDEBBG$dOCLCQ$dOCLCF$dOCLCO$dOCLCQ$dOCLCA$dHTV$dOCLCO$dHTV$dOCL$dOCLCQ$dOCLCO
=050  14$aML48$b.S6595
=050  \4$aML48$b.I7 no.3
=050  \4$aML50.2.A75$bR56 1608
=100  1\$aRinuccini, Ottavio,$d1562-1621,$elibrettist.
=245  12$aL'Arianna :$btragedia /$cdel Sig. Ottavio Rinuccini, gentil'huomo della camera del re cristianissimo ; rappresentata in musica nelle reali nozze del serenissimo principe di Mantova, e della serenissima infanta di Savoia.
=264  \1$aIn Firenze :$bNella stamperia de' Giunti,$cMDCIIX [1608]
=300  \\$a52 pages, 2 unnumbered pages ;$c22 cm
=336  \\$atext$btxt$2rdacontent
=337  \\$aunmediated$bn$2rdamedia
=338  \\$avolume$bnc$2rdacarrier
=500  \\$aCoat of arms on title page: coiled serpent with motto Novus exorior.
=500  \\$aLibretto for work by Monteverdi--New Grove.
=500  \\$a"Con licenza de' superiori."
=500  \\$aPerformers' names not given.
=500  \\$aUS-BEm.
=650  \0$aOperas$vLibrettos
=650  \7$aOperas$xLibrettos$2fast$0(OCoLC)fst01046219
=653  \\$aApollo
=653  \\$aVenere
=653  \\$aAmore
=653  \\$aTeseo
=653  \\$aArianna
=653  \\$aDorilla
=653  \\$aBacco
=653  \\$aGiove
=655  \7$aLibrettos$2fast$0(OCoLC)fst01692883
=655  \7$aLibrettos.$2lcgft
=700  1\$aGiunta, Cosimo,$d1579-$eprinter.
=700  0\$aFrancesco$bIV Gonzaga,$cDuke of Mantua,$d1586-1612,$ededicatee.
=700  0\$aMargaret,$cof Savoy, Duchess of Mantua,$d1589-1655,$ededicatee.
=700  1\$sLibretto for (work):$aMonteverdi, Claudio,$d1567-1643.$tArianna.
=730  0\$aTaddei libretto collection.$5CU
=752  \\$aItaly$dFlorence.
=900  \\$a015216280

