=LDR  00000cam a2200373Ii 4500
=001  990152493270203941
=008  940302s1894\\\\ru\\\\\\\\\\\\000\d\rus\d
=035  \\$a(OCoLC)29894519
=040  \\$aGZM$beng$erda$cGZM$dOCL$dOCLCG$dOCLCQ$dOCLCA$dOCLCQ$dHUL
=050  \4$aML50.N3$bD9
=100  1\$aChaĭkovskiĭ, Modest,$d1850-1916$elibrettist.
=240  10$aDubrovskiĭ.$sLibretto
=245  10$aDubrovskīĭ :$bopera v 4-kh di︠e︡ĭstvīi︠a︡kh /$c(si︠u︡zhet zaimstvovan iz povi︠e︡sti Pushkina) ; libretto Modesta Chaĭkovskago ; muzyka Ė. Napravnika.
=264  \1$aS.-Peterburg :$bTipografīi︠a︡ Imperatorskikh Spb. Teatrov, Mokhovai︠a︡, 40,$c1894.
=300  \\$a78 pages ;$c17 cm
=336  \\$atext$btxt$2rdacontent
=337  \\$aunmediated$bn$2rdamedia
=338  \\$avolume$bnc$2rdacarrier
=490  1\$aSobranie libretto tipografīi imperatorskikh Spd. teatrov ;$vno. 87
=500  \\$aLibretto, without the music.
=500  \\$aCast list on unnumbered page 3; does not include performers.
=500  \\$a"K predstavlenīi︠u︡ dozvoleno. S.-Peterburgʺ 9-go Dekabri︠a︡ 1894 g."
=546  \\$aIn Russian ;$bCyrillic
=650  \0$aOperas$vLibrettos
=655  \7$aLibrettos$2lcgft
=700  1\$aNapravnik, Ė.$q(Ėduard),$d1839-1916$ecomposer.
=700  1\$iLibretto for (work):$aNapravnik, Ė.$q(Ėduard),$d1839-1916.$tDubrovskiĭ
=700  1\$iLibretto based on (work):$aPushkin, Aleksandr Sergeevich,$d1799-1837.$tDubrovskiĭ.
=752  \\$aRussia$dSaint Petersburg.
=776  08$iOnline version:$aNapravnik, Ėduard Frant︠s︡evich, 1839-1916.$sDubrovskiĭ. Libretto. Russian.$tDubrovskiĭ.$dS.-Peterburg : Tip. Imperatorskikh Spb. teatrov, 1894$w(OCoLC)777753920
=830  \0$aSobranie libretto tipografīi imperatorskikh Spd. teatrov ;$vno. 87.
=900  \\$a015249327
=911  \\$a415.37080..565797.653440.0000.00000

