=LDR  00000cjm a2200733 i 4500
=001  990152932600203941
=007  sd\fsngnnmmned
=008  990304p19981993enksynn\\bi\\\\\\\n\zxx\d
=024  1\$a2894437812
=028  02$a443 781-2$bEditions de l'Oiseau-Lyre$qset
=028  02$a443 782-2$bEditions de l'Oiseau-Lyre
=028  02$a443 783-2$bEditions de l'Oiseau-Lyre
=028  02$a443 784-2$bEditions de l'Oiseau-Lyre
=033  10$a199306--$a199307--$b5754$cL7
=035  \\$a(OCoLC)40901928
=040  \\$aMBB$beng$erda$cMBB$dCIN$dOCLCG$dTFW$dOCLCF$dOCLCQ$dOCLCA$dGILDS$dOCLCO$dOCL$dHUL$dOCLCO$dOCL$dOCLCO
=041  0\$geng$gfre$gger$gita$meng
=048  \\$aoa
=050  \4$aM1001.H39$bS96 1998 v.8
=100  1\$aHaydn, Joseph,$d1732-1809$ecomposer.
=240  10$aSymphonies.$kSelections
=245  10$aHaydn symphonies 1773-74.
=264  \1$aLondon :$bEditions de l'Oiseau-Lyre,$c[1998]
=264  \4$c℗1998
=300  \\$a3 audio discs :$bdigital, stereo ;$c4 3/4 in.
=306  \\$a001900$a003000$a000331$a000515$a002600$a003600$a003100
=336  \\$aperformed music$bprm$2rdacontent
=337  \\$aaudio$bs$2rdamedia
=338  \\$aaudio disc$bsd$2rdacarrier
=340  \\$aplastic$ametal$b4 3/4 in.
=344  \\$adigital$2rdatr
=344  \\$boptical$2rdarm
=344  \\$c1.4 m/s
=344  \\$gstereo$2rdacpc
=347  \\$aaudio file$2rdaft
=347  \\$bCD audio
=382  01$aorchestra$e1$t1$2lcmpt
=490  0\$aSymphonies / Joseph Haydn ;$vv. 8
=511  0\$aThe Academy of Ancient Music ; Christopher Hogwood, conductor.
=518  \\$oRecorded$pWalthamstow Assembly Hall, London$dMarch, June, and July 1993.
=500  \\$aOrchestral music.
=500  \\$aTitle from container.
=500  \\$aProgram notes with bibliographical references by James Webster in English, French and German (62 pages : facsimiles, portraits (some color)) inserted in container.
=505  0\$aSymphony no. 50 in C major (19:00) -- Symphony no. 54 in G major (1st version) (30:00) -- Minuet and trio in C major : Allegretto (1773-74) (3:31) -- Finale in C major : Prestissimo (1773-74) (5:15) -- Symphony no. 55 in E flat major : "The schoolmaster" (26:00) -- Symphony no. 56 in C major (36:00) -- Symphony no. 57 in D major (31:00) -- Symphony no. 60 in C major : "Il distratto" (30:00).
=650  \0$aSymphonies.
=650  \0$aSymphonies$vExcerpts.
=650  \7$aSymphonies.$2fast$0(OCoLC)fst01140873
=650  \7$aSymphonies$xExcerpts.$2fast$0(OCoLC)fst01140875
=655  \7$aExcerpts$2fast$0(OCoLC)fst01692837
=655  \7$aSymphonies$2fast$0(OCoLC)fst01726504
=655  \7$aSymphonies$2lcgft
=655  \7$acompact discs.$2aat$0(CStmoGRI)aatgf300028673
=655  \7$aExcerpts$2lcgft
=710  2\$aAcademy of Ancient Music (1973- )$einstrumentalist.
=700  1\$aHogwood, Christopher$econductor.
=700  12$iContainer of (work):$aHaydn, Joseph,$d1732-1809.$tSymphonies,$nH. I, 50,$rC major.
=700  12$iContainer of (work):$aHaydn, Joseph,$d1732-1809.$tSymphonies,$nH. I, 54,$rG major
=700  12$iContainer of (work):$aHaydn, Joseph,$d1732-1809.$tSymphonies,$nH. I, 55,$rE♭ major.
=700  12$iContainer of (work):$aHaydn, Joseph,$d1732-1809.$tSymphonies,$nH. I, 56,$rC major.
=700  12$iContainer of (work):$aHaydn, Joseph,$d1732-1809.$tSymphonies,$nH. I, 57,$rD major.
=700  12$iContainer of (work):$aHaydn, Joseph,$d1732-1809.$tSymphonies,$nH. I, 60,$rC major.
=900  \\$a015293260
=929  \\$aMUS RECCO Batch Overlay 2021-07-16

